2880 4710
162 460 255 523 quern
277 438 388 505 dicunt
408 458 467 523 pro
489 436 643 529 quisquis.
664 479 699 486 —
718 441 972 524 Haudquaquam
988 442 1027 508 de
1041 441 1165 511 duabus
1183 444 1291 514 diver·

162 544 207 610 sis
230 542 396 610 arboribus
419 541 624 628 cogitandum
648 549 697 610 est
719 544 751 610 in
781 565 846 627 qua
875 545 1033 612 sententia
1061 545 1188 614 videtur
1218 570 1294 618 esse

164 647 264 713 Varro
287 645 345 712 sed
367 645 569 729 insequentia
590 647 688 713 verba
704 646 816 714 eodem
833 647 926 714 modo
942 648 1076 734 repetita
1092 649 1134 715 ad
1150 652 1292 719 eandem

162 751 306 816 arborem
336 749 504 836 pertinent.
556 749 699 836 Apparet
729 750 789 817 hoo
820 772 838 817 e
866 751 971 818 verbis
1001 751 1144 819 Liuianis
1174 756 1207 839 I,
1233 757 1291 822 18:

162 854 304 940 ,signum
327 859 438 919 contra
462 851 570 936 quoad
591 853 777 940 longissime
799 860 1004 940 conspectum
1029 857 1111 922 oculi
1138 857 1291 926 ferebant

162 957 269 1024 animo
291 956 413 1022 finivit‘
457 957 560 1023 Arbor
582 963 686 1023 autem
710 957 767 1024 illa
789 958 857 1024 sine
881 957 977 1024 dubio
999 958 1033 1024 in
1051 966 1206 1028 extremo
1237 961 1291 1029 de-

163 1081 299 1129 cumano
322 1059 424 1126 fuisse
446 1059 620 1145 cogitanda
643 1066 690 1126 est
712 1082 770 1146 pro
786 1063 943 1147 signoque
958 1067 1027 1128 erat
1042 1068 1136 1146 atque
1151 1066 1291 1132 termino

160 1185 222 1248 quo
247 1184 350 1251 augur
373 1163 563 1248 dignoscere
584 1170 695 1249 posset
717 1184 799 1248 quae
828 1165 923 1252 signa
952 1172 1006 1231 aut
1035 1187 1056 1231 a
1083 1166 1204 1233 dextris
1234 1176 1291 1236 aut

61 1250 65 1257 ⁴
160 1287 181 1331 a
195 1265 333 1333 sinistris
349 1266 494 1353 partibus
509 1267 608 1332 missa
623 1274 738 1335 essent.
770 1268 863 1347 Quod
878 1275 982 1335 autem
999 1270 1144 1337 arborem
1160 1272 1291 1356 potissi-

159 1389 244 1437 mum
273 1365 395 1436 inducit
424 1389 463 1435 ex
492 1390 529 1436 eo
560 1375 701 1457 ternpore
730 1372 853 1438 videtur
881 1372 1087 1458 repetendum
1119 1392 1191 1439 esse
1224 1394 1288 1457 quo

159 1475 290 1539 arbores
322 1473 492 1540 etiamtunc
523 1474 696 1559 pomerium
727 1475 918 1541 ambiebant.
969 1476 1125 1542 Minorum
1155 1476 1287 1559 quidem

159 1576 383 1663 oppidulorum
404 1577 547 1663 pomeria
569 1577 664 1643 etiam
688 1578 917 1663 posterioribus
939 1579 1133 1665 temporibus
1153 1580 1289 1647 arbores

161 1679 314 1747 ambiisse
336 1680 453 1747 scimus
477 1701 515 1747 ex
530 1682 623 1766 Apul.
641 1681 726 1746 Mad.
743 1687 814 1747 met.
831 1682 876 1767 Π,
894 1683 922 1749 1.
939 1720 980 1731 ·-
996 1701 1100 1766 ,quam
1116 1701 1165 1748 me
1181 1684 1286 1750 sentio

159 1781 294 1848 dixisse‘
325 1783 364 1850 cf.
394 1784 436 1850 M.
459 1785 496 1849 E.
519 1784 566 1868 II,
597 1785 668 1854 134.
699 1825 739 1832 -
768 1784 870 1870 ,linito
900 1786 932 1850 iu
963 1785 1139 1852 sinistrum‘
1169 1785 1204 1850 id
1237 1780 1288 1854 est

160 1884 193 1950 in
216 1891 323 1971 partes
347 1888 611 1972 septentrionales
622 1889 657 1969 ¹).
696 1889 830 1955 Temere
852 1889 1020 1955 Muellerus
1042 1889 1073 1955 ll.
1096 1889 1189 1955 vertit
1212 1890 1288 1973 ,soll

158 1989 241 2055 mein
265 1990 431 2076 Templum
453 1990 519 2056 und
542 1990 715 2075 geweihtes
738 1991 830 2057 Laud
860 2013 964 2077 gegen
996 1990 1047 2057 die
1069 1992 1288 2078 Morgenseite

158 2092 355 2178 begreuzen‘
379 2094 522 2176 quamvis
546 2093 741 2178 alioquinin
765 2095 1009 2180 inauguratione
1031 2093 1157 2178 quidem
1186 2115 1287 2182 augu-

158 2214 224 2260 rem
247 2194 400 2262 orientem
423 2216 533 2263 versus
562 2200 766 2286 prospexisse
795 2199 960 2265 concedat.
1005 2198 1150 2281 Denique
1180 2219 1287 2286 augur

158 2298 325 2365 formulam
356 2300 403 2366 sic
432 2299 607 2367 concludit:
646 2303 744 2387 ‚inter
772 2322 813 2368 ea
848 2303 1039 2388 conregione
1077 2301 1286 2387 conspicione

157 2401 353 2469 cortumione
376 2409 472 2486 atque
502 2424 542 2470 ea
571 2405 747 2472 rectissime
776 2407 876 2473 sensi‘
907 2457 914 2470 .
945 2460 952 2474 .
983 2455 990 2470 .
1021 2405 1089 2470 Iam
1111 2403 1285 2473 Muellerus

157 2507 320 2594 perspexit
342 2506 517 2573 clausulam
541 2528 605 2575 non
636 2530 708 2579 esse
737 2511 863 2596 plenam
894 2508 951 2575 sed
981 2508 1093 2574 deesse
1123 2507 1285 2590 quaedam

156 2629 238 2692 quae
261 2610 387 2696 supplet
409 2611 514 2677 verbis
543 2615 711 2698 ‚templum
741 2635 844 2680 meum
874 2613 974 2678 finio‘.
1019 2610 1104 2676 Malo
1134 2610 1285 2692 equidem

155 2714 280 2800 ,templi
303 2722 411 2800 partes
434 2714 534 2781 finio‘.
579 2716 724 2800 Namque
749 2716 906 2801 quomodo
930 2714 971 2781 ad
1002 2720 1099 2780 totum
1130 2713 1284 2799 templum

155 2817 266 2883 referri
280 2817 405 2904 possint
420 2818 518 2885 verba
534 2819 713 2904 supplenda
728 2819 873 2904 equidem
890 2839 954 2884 uon
970 2836 1132 2900 assequor.
1167 2817 1284 2901 Agitur

156 2918 240 2984 enim
264 2926 295 2985 et
317 2919 403 3006 apud
420 2919 542 2986 Livium
567 2927 598 2986 et
619 2921 651 2986 in
674 2923 747 3008 ipsa
768 2922 904 2989 l'ormula
927 2921 967 2988 de
990 2919 1091 2987 laevis
1114 2926 1144 2986 et
1160 2918 1283 2988 dextris

152 3022 296 3108 partibus
319 3023 352 3088 in
375 3045 456 3108 quae
479 3024 655 3092 decumano
678 3024 848 3112 designato
871 3032 969 3092 totum
992 3023 1144 3108 templum
1167 3022 1284 3090 dividi-

153 3131 212 3191 tur.
266 3127 354 3194 Idem
386 3148 510 3212 quoque
540 3149 579 3194 ex
607 3129 707 3215 ipsius
738 3130 902 3196 clausulae
931 3127 1061 3195 exordio
1091 3126 1285 3214 perspicitur

154 3229 247 3314 ‚inter
270 3232 320 3297 ea‘
342 3230 375 3296 id
398 3238 448 3298 est
470 3231 552 3298 inter
573 3232 683 3299 laevas
707 3240 738 3299 et
761 3232 890 3299 dextras
909 3237 1027 3318 partes.
1067 3229 1159 3308 Quod
1175 3235 1283 3296 autem

153 3333 229 3397 dicit
267 3335 477 3419 ‚conregione
512 3331 733 3421 conspicione‘
770 3357 833 3402 nou
870 3334 953 3401 male
981 3333 1150 3400 Muellerus
1187 3335 1284 3400 vertit

152 3435 270 3518 ,durch
298 3437 566 3526 Linienziehung‚
601 3438 701 3505 durch
731 3438 1029 3524 Ueberschauung‘.
1080 3437 1283 3522 Praepositio

151 3541 245 3621 ‚eon‘
267 3540 352 3606 enim
381 3564 401 3606 a
430 3562 492 3626 qua
522 3549 687 3626 utrumque
717 3543 906 3609 vocabulam
936 3541 1048 3626 incipit
1076 3561 1114 3607 eo
1142 3540 1283 3627 pertinet

151 3644 235 3724 quod
266 3664 368 3731 augur
400 3644 433 3710 in
461 3646 562 3732 signis
592 3645 802 3713 observandis
833 3645 1042 3711 decumanum
1073 3664 1164 3727 quem
1201 3644 1282 3710 lituo

150 3745 365 3833 descripserat
387 3767 512 3833 semper
543 3749 605 3814 sibi
635 3755 710 3815 ante
740 3750 849 3816 oculos
877 3768 997 3834 ponere
1026 3746 1163 3814 debebat
1192 3747 1281 3828 quod

150 3849 220 3914 fieri
242 3871 306 3916 non
330 3856 457 3937 poterat
477 3850 540 3917 nisi
563 3851 638 3919 iude
660 3873 681 3918 a
701 3853 794 3937 signo
811 3852 980 3918 constituto
997 3848 1153 3933 usquead
1169 3849 1281 3917 sedem

155 3990 183 3996 .-
186 3991 361 4000 ..-,.--,-.-.

220 4075 244 4141 l)
263 4074 295 4126 cf.
314 4073 370 4128 Lis.
389 4075 416 4140 1,
436 4075 475 4129 18.
