2880 4710
604 333 608 338 .
662 244 766 339 ‚4⁷

261 558 265 567 Ι
355 472 403 535 lle
424 469 647 548 singularibus
669 470 775 534 rcrbis
797 466 1022 569 auguralibus.

210 623 344 689 Praeter
367 641 406 687 ea
428 621 610 705 fragmenta
639 626 736 702 atque
765 620 1008 705 apospasmatia
1037 638 1120 700 quae
1151 618 1258 685 adhuc

123 726 313 793 enumeravi
340 730 469 790 exstant
498 724 617 789 multae
648 722 858 789 sententiolae
888 728 985 803 atquc
1013 722 1114 787 verba
1152 722 1260 807 singu-

121 830 210 896 laria
237 848 321 911 quae
350 827 477 893 etiarnsi
510 847 575 891 non
613 826 741 891 disertis
777 826 883 891 serbis
920 824 1010 890 libris
1048 826 1261 892 attribuantur

123 938 269 999 attamen
292 929 424 997 dubium
448 949 519 995 csse
542 950 606 993 non
629 934 734 1014 potest
761 928 838 1009 quin
867 926 946 993 inibi
974 927 1100 993 fuerint.
1146 930 1259 1011 Itaque

124 1039 274 1119 superest
295 1038 331 1099 ut
351 1031 434 1099 haec
456 1032 556 1098 verba
579 1051 760 1098 enumerem
783 1031 897 1116 paucis
925 1036 1048 1096 lantum
1077 1031 1259 1098 illustrandi

46 1138 63 1207 .’
127 1155 230 1201 causa
253 1135 383 1201 additis.
424 1161 427 1165 ·

255 1256 294 1320 Α.
317 1255 424 1321 Verba
446 1256 617 1321 sollemnia
639 1255 681 1320 ad
705 1254 754 1320 ius
778 1273 905 1320 sacrum
928 1253 1107 1320 referenda.

212 1375 317 1459 Atque
340 1375 476 1461 primum
500 1374 627 1458 quidem
652 1374 692 1440 de
714 1375 813 1441 variis
830 1376 1003 1460 generibus
1018 1381 1113 1458 atque
1129 1379 1260 1445 nomini—

126 1480 190 1545 bus
219 1478 435 1564 auspiciorum
465 1477 636 1545 dicendum
667 1483 723 1544 est.
783 1477 898 1544 Divisa
927 1480 1011 1545 cnim
1042 1487 1115 1545 sunt
1153 1483 1261 1548 omnia

126 1582 276 1668 auspicia
298 1581 418 1657 induo
441 1600 562 1666 genera
584 1584 728 1648 ablativa
749 1587 781 1646 et
809 1584 1018 1662 impetratira.
1043 1589 1125 1649 teste
1147 1585 1259 1652 Servio

125 1685 188 1769 (ad
201 1686 281 1751 Aen.
297 1685 351 1770 VI,
376 1685 461 1769 190.)
478 1685 533 1766 qui
555 1691 723 1766 utrumque
746 1702 849 1769 genus
873 1683 920 1748 sic
943 1684 1099 1769 explicat:
1124 1689 1260 1774 arrguria

128 1794 187 1855 aut
208 1788 350 1855 oblativa
372 1794 446 1853 sunt
468 1808 551 1869 quae
574 1807 639 1853 non
661 1792 836 1872 poscuntur
865 1792 919 1851 aut
948 1787 1152 1873 impetrativa
1178 1811 1260 1875 quae

127 1898 241 1977 optata
254 1892 408 1958 veniunt‘.
445 1890 591 1957 Ceterum
607 1891 739 1956 uerbum
755 1892 963 1972 impetricndi
979 1910 1050 1956 cum
1066 1891 1099 1957 in
1115 1900 1260 1961 extorum

128 1995 363 2062 consultatione
391 2002 458 2060 tum
487 1994 521 2058 in
552 1993 659 2059 avium
690 1992 914 2060 observatione
946 1994 1099 2061 sollemne
1133 1998 1261 2064 videtur

127 2098 275 2183 luisse1).
312 2098 398 2163 Dein
419 2118 494 2163 vcra
517 2117 618 2182 pergo
641 2095 684 2161 ad
707 2096 875 2162 notissima
897 2097 954 2162 illa
977 2097 1117 2181 quinque
1140 2120 1261 2184 genera

128 2201 345 2285 auspiciorum
373 2222 393 2266 a
421 2199 523 2266 Paulo
554 2205 740 2265 enumerata
777 2220 859 2282 quae
895 2201 960 2265 iam
997 2201 1142 2285 pluribus
1180 2198 1260 2270 locis

127 2304 376 2371 commemoravi
403 2326 434 2390 p.
458 2303 545 2367 aab:
578 2303 718 2385 quinque
745 2323 867 2387 genera
896 2303 1060 2388 signorum
1089 2307 1261 2373 observant

128 2426 268 2492 augures
292 2428 332 2474 cx
355 2407 445 2473 caela
468 2426 508 2472 ex
539 2406 653 2472 avibus
684 2426 724 2471 ex
751 2405 899 2490 tripudiis
929 2426 969 2472 ex
997 2406 1260 2493 quadrupedibus

127 2530 170 2575 ex
192 2510 292 2579 diris‘.

214 2633 239 2697 Ι.
261 2630 417 2716 Auspicia
438 2650 478 2696 ex
501 2631 625 2716 caelat)

213 2753 264 2819 De
291 2752 485 2818 caelestibus
514 2750 670 2836 auspiciis
701 2751 766 2815 iam
795 2769 894 2835 supra
921 2751 1120 2837 disputatum
1150 2757 1198 2816 est
1226 2752 1261 2816 in

127 2854 259 2940 Fragm.
282 2854 392 2920 XXIV
418 2855 464 2940 (p.
489 2854 556 2939 38.)
579 2852 782 2937 explicando.
826 2854 949 2920 ibidem
976 2854 1056 2920 illud
1084 2854 1261 2938 auspicium

126 2978 202 3023 cum
224 2956 265 3023 de
289 2958 379 3023 caelo
403 2959 445 3023 sit
466 2959 564 3023 verbo
587 2976 744 3041 augurum
766 2959 981 3043 maximum)
1005 2958 1162 3042 appellari
1179 2978 1262 3022 com-

124 3061 311 3126 memoravi.
356 3060 532 3125 Maximum
555 3066 661 3125 autem
683 3066 854 3145 propterea
875 3066 1010 3126 vocatur
1039 3058 1126 3142 quod
1155 3059 1261 3142 magis

125 3169 230 3229 ratum
253 3169 302 3229 est
324 3183 419 3245 quam
442 3170 549 3229 cetera
572 3163 715 3248 signa4).

213 3285 252 3349 Π.
275 3284 431 3370 Auspicia
454 3283 640 3350 anavibus.

196 3543 222 3610 1)
240 3542 293 3596 Cic.
313 3542 346 3597 de
364 3541 414 3596 div.
434 3541 455 3607 I,
474 3541 514 3595 16.
532 3542 573 3595 28.
609 3540 694 3594 Plaut.
714 3540 761 3593 As.
781 3537 815 3605 ΙΙ,
836 3541 860 3594 l.
878 3540 919 3594 11.
936 3540 1016 3609 (295).
1051 3540 1128 3595 Paul.
1146 3541 1204 3595 108.
1226 3571 1257 3581 —

121 3630 152 3698 2)
167 3628 205 3682 Μ.
224 3628 256 3683 R.
273 3629 300 3683 S.
318 3628 381 3693 1‚4.
401 3642 473 3696 seqq.
492 3657 524 3666 -
543 3627 569 3696 3)
586 3627 675 3681 Aliter
692 3626 820 3682 Messalla
838 3626 910 3696 apud
928 3625 995 3681 dell.
1014 3627 1093 3695 XIII,
1113 3627 1153 3681 15.
1171 3626 1256 3681 nrani-

122 3729 229 3768 morum
259 3714 439 3782 auspiciorum
468 3713 674 3782 appellationem
704 3713 739 3767 ad
769 3712 940 3781 magistratus
970 3713 1083 3767 maiores
1114 3713 1202 3768 refert.
1229 3745 1260 3753 —

121 3799 152 3868 4)
170 3798 296 3854 Simibter
314 3800 418 3868 aquilae
437 3799 645 3867 significationes
663 3814 723 3852 cnm
741 3801 825 3868 magis
843 3805 918 3854 ratae
936 3798 990 3853 sint
1007 3815 1086 3866 quam
1111 3806 1260 3854 ceterarum

122 3885 214 3939 arium
232 3886 349 3949 ‚maiora‘
368 3887 488 3955 auspicia
505 3885 718 3954 appellabantur.
754 3887 785 3940 cf.
805 3887 878 3941 Serv.
897 3886 931 3940 ad
947 3887 1014 3939 Aen.
1027 3884 1075 3951 Ill,
1089 3886 1146 3940 374.
1176 3886 1259 3939 Deni-

121 3986 177 4039 que
195 3972 218 4025 si
235 3971 323 4027 Numa
340 3987 358 4025 a
375 3971 503 4027 Cicerone
522 3971 568 4041 (de
586 3986 641 4038 rep.
661 3971 699 4035 Π,
718 3973 758 4026 14.
776 3973 832 4041 ab.)
857 3972 958 4026 maiora
981 3971 1101 4039 aruspicia
1127 3972 1260 4025 invenisse

120 4056 221 4111 dicitur
238 4073 292 4112 non
311 4057 404 4113 dubito
424 4058 458 4112 ad
476 4057 595 4125 auspIcia
613 4058 740 4114 caelestia
758 4058 865 4113 referre.
