2880 4710
693 245 858 343 OEHW

211 437 282 502 luoe
305 435 423 501 elarius
446 432 636 519 perspicitur
658 454 695 500 ox
713 434 850 518 epistola
866 433 1031 499 Ciceronis
1054 431 1098 499 ad
1112 432 1254 499 Attioum
1270 431 1357 501 data
1405 456 1412 467 ·

211 539 265 623 IV,
289 541 319 604 3.
342 540 371 603 3.
395 577 437 586 —
459 536 511 601 Ad
533 535 594 602 hoo
622 536 673 601 ius
700 536 741 603 de
768 536 857 602 eaelo
886 535 1037 602 servandi
1065 536 1225 621 pertinent
1256 537 1353 623 leges

211 641 306 706 Aelia
335 647 366 706 et
395 639 488 704 Fufia
517 658 598 720 quas
626 660 656 717 v„
688 639 720 705 d.
751 638 787 704 L.
824 640 968 725 Longius
1012 640 1046 704 in
1079 635 1356 707 commentatione

213 743 402 810 6666666166
430 742 561 828 (Gissae
592 742 690 826 1861)
722 742 889 809 restituere
918 748 1052 808 conatus
1089 748 1146 808 est.
1196 741 1355 826 Denique

212 847 362 914 adsoribo
385 847 474 912 looos
497 845 620 926 aliquot
643 846 758 927 quibus
781 844 842 911 hoo
865 851 1070 930 praeceptum
1086 846 1164 911 iuris
1180 847 1354 930 anguraIIs
1387 904 1390 909 .

212 949 401 1015 illustretur:
435 948 500 1014 Cio.
532 947 572 1014 de
594 947 663 1013 har.
688 968 771 1034 resp.
795 949 925 1013 XXIII..
939 949 991 1013 48.
1037 948 1078 1014 of.
1102 948 1139 1013 L.
1162 948 1199 1013 L.
1222 949 1265 1013 Η.
1288 949 1354 1035 III,
1376 1000 1380 1007 .

212 1038 1395 1135 mamnmmnofflfflfmmnma.

212 1156 253 1221 de
276 1155 371 1223 domo
393 1155 462 1239 XV,
492 1156 544 1220 39.
568 1161 627 1220 616.
651 1175 710 1239 666
733 1153 815 1219 Sest.
838 1154 994 1239 XXXVI,
1024 1156 1073 1218 78.
1099 1154 1140 1219 of.
1172 1154 1208 1219 L.
1238 1154 1276 1219 L.
1308 1155 1354 1220 H.
1415 1198 1419 1205 -

211 1259 277 1343 III,
302 1252 441 1324 304-
462 1257 529 1323 oio.
554 1279 612 1342 pro
635 1257 716 1323 Sest.
741 1256 911 1341 XXXVII,
936 1258 986 1324 79.
1010 1256 1050 1323 of.
1073 1256 1264 1342 XXXVIII,
1296 1259 1354 1323 83.

213 1401 254 1408 -
275 1362 341 1427 (lio.
365 1382 423 1447 pro
447 1361 529 1427 Sest.
553 1360 644 1443 LXI,
676 1361 747 1424 129.
772 1359 811 1424 ol.
835 1359 872 1423 L.
896 1359 932 1426 L.
955 1360 995 1425 H.
1018 1360 1085 1444 HI,
1117 1360 1192 1424 306.
1214 1398 1257 1406 -
1282 1360 1355 1426 cio.

213 1462 256 1528 ad
277 1464 341 1530 Att.
364 1465 417 1548 IV,
449 1464 477 1527 3.
503 1465 533 1528 3.
557 1463 597 1529 of.
621 1458 725 1527 L.'L.
757 1461 797 1525 Η.
828 1462 893 1546 III,
923 1464 995 1528 310.
1026 1462 1137 1528 Drum.
1167 1462 1209 1526 Η.
1237 1462 1276 1526 R.
1308 1463 1356 1548 II,

213 1566 425 1632 313μο16.
449 1566 493 1631 ad
507 1567 571 1631 Att.
594 1568 648 1633 IV.
674 1569 702 1632 9.
728 1569 757 1635 1.
781 1566 820 1633 of.
845 1564 880 1631 L.
897 1564 933 1630 L.
950 1566 990 1630 Η.
1013 1567 1038 1649 I,
1063 1567 1134 1630 671.
1160 1570 1192 1630 61
1206 1565 1354 1650 ΙΙ,’487.

213 1708 254 1716 -—
276 1669 342 1735 sio.
367 1669 410 1734 ad
431 1669 495 1736 Att.
519 1671 571 1755 lV,
603 1670 654 1735 16.
679 1674 707 1734 7.
732 1669 775 1736 ad
798 1667 858 1747 Qu.
882 1668 935 1734 Fr.
958 1669 1024 1753 III,
1055 1669 1084 1733 3.
1108 1672 1138 1733 2.
1171 1668 1212 1734 of.
1244 1667 1282 1733 L.
1314 1660 1354 1735 L.

212 1772 251 1836 H.
277 1772 332 1856 Il,
369 1773 432 1836 449
464 1780 496 1839 61
525 1774 588 1856 III,
629 1774 701 1839 342.
729 1813 772 1820 -
799 1772 883 1856 App.
914 1772 973 1837 oiv.
1003 1772 1067 1855 Ill,
1111 1776 1140 1837 7.
1171 1771 1212 1837 of.
1243 1772 1282 1837 L.
1314 1774 1354 1838 L.

212 1876 250 1940 H.
278 1876 341 1960 III,
379 1878 441 1940 488
472 1914 513 1923 -
545 1876 611 1942 Oio.
641 1876 778 1960 Philipp.
814 1876 863 1959 ll,
901 1876 953 1939 33.
991 1875 1042 1939 83.
1079 1874 1119 1941 of.
1157 1876 1193 1941 L.
1230 1874 1269 1940 L.
1309 1876 1355 1953 H.

210 1978 268 2063 Ill,
294 1981 369 2043 467.
392 2017 435 2026 -
1345 2018 1350 2025 -

299 2115 428 2198 Fragm.
452 2114 485 2179 II
507 2147 547 2168 =
572 2114 641 2179 Liv.
665 2115 718 2199 IV,
749 2117 817 2179 31.:
852 2122 883 2181 et
906 2135 977 2181 oum
999 2115 1045 2181 ibi
1077 2135 1202 2198 quoque
1233 2116 1356 2200 religio

213 2217 359 2282 obstaret
381 2237 422 2282 ne
443 2238 509 2283 non
531 2223 641 2301 posset
664 2218 727 2283 nisi
750 2219 791 2283 ab
814 2217 946 2283 oonsule
969 2218 1033 2284 diei
1056 2217 1193 2284 diotator
1208 2237 1356 2304 augures

213 2318 349 2385 consulti
372 2339 444 2385 eam
467 2319 657 2405 religionem
680 2323 846 2387 exemeret

297 2457 433 2523 Faotnm
456 2464 504 2523 661
532 2458 629 2542 igitur
658 2476 814 2543 augurum
849 2457 1012 2523 decretum
1043 2457 1138 2524 etiam
1170 2478 1192 2522 a
1218 2459 1354 2526 tribuno

212 2560 347 2625 militum
370 2560 531 2626 consulari
553 2567 713 2645 potestate
735 2561 925 2629 diotatorem
948 2560 1012 2628 diei
1036 2579 1142 2646 posse.
1188 2560 1228 2626 of.
1252 2561 1290 2629 B.
1306 2563 1354 2631 M.

210 2664 253 2746 II,
277 2665 307 2726 2.
332 2662 405 2728 157.
428 2663 482 2742 IV,
505 2664 577 2730 346.
600 2663 636 2728 L.
660 2665 696 2729 L.
720 2665 759 2730 H.
783 2667 808 2749 I,
834 2666 905 2729 560.

298 2799 430 2883 Fragm.
454 2800 504 2865 ΙΙΙ
520 2833 559 2853 =
576 2800 644 2866 (lio.
667 2799 707 2866 do
730 2801 794 2867 div.
818 2802 859 2883 II,
883 2801 932 2865 35.
959 2803 1025 2866 73.:
1050 2821 1112 2885 quo
1136 2802 1194 2888 (so.
1211 2807 1353 2889 augurio

211 2900 365 2987 pullario)
388 2923 453 2967 non
476 2921 548 2967 6666
572 2924 647 2969 6666
668 2910 857 2988 argumento
874 2911 922 2970 est
938 2904 1024 2988 quod
1041 2905 1203 2972 decretum
1219 2908 1354 2993 collegii

211 3010 304 3071 vetus
327 3002 484 3071 habemus
508 3027 635 3073 omnem
657 3027 749 3072 avem
772 3007 946 3092 tripudium
969 3007 1078 3075 Iaoere
1100 3028 1205 3095 posse.

296 3144 427 3231 Fragm.
450 3144 495 3209 IV
511 3175 551 3196 =
566 3145 654 3212 Fest.
679 3146 768 3209 lon:
800 3166 857 3230 pro
881 3145 1016 3230 oollegio
1040 3146 1168 3229 quidem
1189 3166 1353 3232 augurum

212 3247 375 3315 decretum
399 3254 447 3314 est
469 3247 556 3330 quod
578 3248 612 3313 in
635 3248 755 3313 Salutis
789 3248 923 3332 augurio
955 3256 1119 3334 praetores
1149 3249 1287 3316 maiores
1319 3260 1354 3318 et

211 3352 350 3418 minores
381 3350 585 3437 appellantur
614 3372 680 3418 non
711 3350 753 3416 ad
783 3357 919 3417 aetatem
958 3351 1016 3417 sed
1053 3352 1096 3417 ad
1132 3352 1196 3418 vim
1233 3352 1354 3439 imperi

211 3454 392 3538 pertineret
438 3454 477 3520 of.
503 3474 602 3540 supra
624 3455 662 3520 fr.
685 3454 828 3519 XXVIII
851 3475 881 3538 p.
907 3456 958 3519 43.

298 3612 427 3694 Fragm.
444 3608 472 3673 V
488 3641 528 3662 =
544 3610 613 3675 Liv.
630 3609 714 3694 XLI,
736 3610 802 3674 18.:
827 3608 989 3673 Valerium
1013 3609 1181 3693 auspioato
1202 3610 1351 3677 sortitum

212 3712 382 3779 constabat
405 3712 491 3794 quod
514 3711 688 3797 intemplo
711 3712 825 3777 fuisset
852 3711 885 3775 in
908 3710 1034 3776 Petillio
1064 3710 1098 3775 id
1128 3711 1197 3777 vitii
1227 3712 1352 3780 fantum

213 3822 326 3900 postea
348 3835 488 3900 augures
511 3815 745 3901 responderunt
768 3814 853 3897 quod
876 3821 966 3880 extra
987 3813 1140 3898 ternplum
1163 3821 1281 3881 sortem
1314 3818 1352 3882 in

213 3919 350 3984 sitellam
382 3919 415 3983 in
445 3919 598 4004 templum
628 3919 728 3984 latam
760 3917 838 3984 foris
867 3918 938 4002 ipse
970 3968 976 3982 .
1081 3920 1261 4003 oporteret‘.
1307 3920 1350 3987 os.

30 4008 87 4049 '·
213 4020 493 4102 unsnn
