2880 4710
687 205 803 267 22'

631 292 789 302 —---—--

152 390 312 464 oationem
348 387 534 474 auguralem
571 389 716 461 referam.
748 432 790 441 —
821 394 961 481 Serpens
998 398 1081 465 inter
1118 402 1296 486 pedestria

153 495 301 583 auspicia
333 496 516 560 numeratur
544 493 582 559 of.
611 493 699 559 Paul.
722 497 794 561 244.
845 497 922 563 Hor.
954 520 1052 568 carm.
1080 503 1139 568 III.
1170 507 1226 572 27.
1261 509 1293 574 5.

152 599 285 670 Cassius
305 597 369 665 Dio
391 597 442 660 41.
467 597 507 660 14
528 635 570 643 -
591 596 709 663 Nescio
731 616 773 664 an
795 599 829 665 in
850 600 1032 688 fragmento
1055 606 1201 693 ,serpsit‘
1228 631 1293 696 pro

152 704 324 796 ‚serpserit‘
346 699 517 800 legendum
538 699 588 768 sit.

240 827 371 914 Fragm.
394 822 470 889 VIII
492 853 532 876 ι·
554 822 602 888 ib:
626 823 732 889 solino
754 823 839 891 idom
861 825 907 892 ait
929 846 1002 895 esso
1025 832 1170 898 consulo.

239 951 357 1017 Vocem
389 945 492 1012 solino
522 944 565 1010 ad
592 962 669 1010 aves
699 942 916 1012 observandas
946 948 1051 1016 refero
1079 972 1144 1035 qua
1179 953 1215 1020 in
1255 977 1293 1023 re

156 1053 344 1126 consulendi
365 1047 555 1117 vocabulum
577 1048 729 1114 sollemne
750 1047 849 1114 fuisse
870 1055 968 1116 testes
991 1059 1067 1119 sunt
1081 1053 1177 1122 Ovid.
1194 1058 1292 1127 Fast.

153 1163 178 1245 Ι,
204 1160 274 1225 180.
298 1163 330 1224 et
345 1155 464 1239 Symm.
488 1151 691 1237 ep.111,44.
728 1149 832 1216 Aliam
854 1172 966 1219 vocem
988 1156 1154 1240 ‚solmunt‘
1179 1163 1292 1241 (cuius

154 1262 262 1330 media
284 1259 412 1345 syllaba
440 1253 597 1341 producta
625 1273 696 1321 esse
725 1253 819 1320 debet
847 1254 888 1320 cf.
911 1256 1031 1324 Ritsch.
1062 1281 1148 1329 mon.
1181 1265 1291 1353 epigr.

153 1367 215 1434 tria
236 1387 268 1451 p.
293 1364 361 1444 17.)
380 1363 465 1426 Fest.
490 1359 561 1424 162.
583 1359 706 1444 ‚solent‘
728 1357 960 1444 interpretatur.
1056 1393 1058 1395 .

238 1484 368 1570 Fragm.
391 1481 438 1545 IX
459 1512 500 1534 =
522 1479 570 1547 ib:
594 1481 674 1547 suad
694 1481 748 1546 ted
768 1478 854 1545 idem
876 1478 922 1545 ait
944 1500 1016 1547 esse
1037 1446 1149 1551 sic'te.

320 1601 361 1670 of.
383 1599 488 1666 Muell.
511 1600 545 1665 in
567 1600 675 1667 adnot.
698 1599 795 1666 Festi.

238 1728 367 1811 Fragm.
390 1723 421 1788 X
444 1754 485 1776 =
507 1720 607 1794 Varro
630 1720 671 1786 de
692 1720 713 1786 1.
741 1720 777 1787 L.
804 1719 878 1805 vll,
909 1719 977 1783 31.:
1007 1721 1129 1810 adagio
1160 1728 1288 1798 dictum

157 1838 206 1900 est
227 1837 262 1897 ut
284 1829 432 1896 adustum
454 1826 540 1909 quod
563 1826 681 1891 circum
700 1829 805 1890 ustum
820 1828 869 1889 est
883 1829 917 1889 ut
930 1827 1104 1909 amliegna
1120 1833 1177 1898 Iros
1194 1837 1289 1919 apud

156 1955 294 2024 augures
317 1951 414 2015 quam
436 1931 552 1996 circum
575 1928 659 1995 aliae
681 1926 806 1995 hostiae
829 1926 1080 1996 constituuntur‘.

157 2077 159 2081 ’
239 2053 407 2122 Turnebus
439 2050 619 2136 ‚ambegna‘
653 2049 715 2134 leg.
752 2048 908 2135 proponit.
939 2089 981 2098 —
1012 2050 1214 2122 Sacrificium
1252 2060 1288 2128 in

155 2155 354 2245 auspicando
392 2153 513 2241 passim
550 2157 813 2219 commemoratur
850 2152 890 2218 of.
927 2152 1004 2219 Zon.
1035 2155 1104 2221 VII.
1136 2156 1167 2222 5.
1199 2160 1285 2230 Duc.

158 2261 280 2330 Gellius
303 2258 389 2344 XIV,
414 2260 442 2322 7.
487 2257 575 2325 Serv.
599 2254 741 2321 adden.
765 2255 822 2340 ΙΙΙ,
847 2255 918 2320 265.

320 2433 352 2498 b.
375 2431 530 2499 formulae
552 2416 734 2497 sollemnes.

243 2572 371 2657 Fragm.
404 2570 452 2635 XI
486 2600 529 2624 =
562 2569 631 2634 Lis.
668 2568 699 2652 Ι,
748 2565 797 2631 18.
834 2565 955 2632 accitus
1004 2567 1086 2634 siout
1126 2571 1286 2644 Romulus

160 2682 317 2762 augurato
339 2674 417 2741 urbe
439 2672 607 2741 condenda
629 2690 762 2756 regnum
784 2669 920 2754 adeptus
947 2675 996 2735 est
1023 2671 1062 2738 de
1089 2693 1124 2739 se
1154 2695 1288 2761 quoque

161 2782 239 2848 deos
262 2778 385 2847 consuli
406 2777 507 2843 iussit.
530 2775 606 2841 inde
628 2775 668 2841 ab
691 2790 812 2858 augure
834 2771 885 2837 eui
908 2771 1023 2839 deindo
1044 2775 1175 2845 honoris
1203 2800 1284 2869 ergo

159 2882 319 2972 publicum
353 2881 387 2947 id
426 2885 676 2966 perpetuumque
712 2874 926 2944 sacerdotium
960 2875 1020 2942 fuit
1055 2878 1211 2949 deductus
1248 2885 1283 2951 in

161 3007 267 3056 arcem
297 2987 330 3051 in
358 2985 467 3072 lapide
495 2983 537 3051 ad
567 2981 732 3049 meridiem
761 2998 871 3046 versus
907 2980 1061 3048 consedit.
1099 3004 1202 3072 augur
1239 2992 1284 3058 ad

65 3140 67 3145 -
159 3093 286 3159 laevam
308 3090 376 3157 eius
399 3089 504 3175 capite
525 3086 630 3153 uelato
654 3084 763 3151 sedem
783 3083 866 3168 cepit
888 3083 1000 3150 dextra
1014 3108 1111 3153 manu
1128 3090 1280 3160 baculum

160 3197 229 3263 sine
256 3194 341 3262 nodo
374 3194 533 3261 aduncum
562 3196 673 3256 tenens
703 3208 796 3272 quern
823 3187 936 3253 lituum
965 3189 1174 3275 appellarunt.
1203 3195 1283 3266 inde

162 3301 215 3368 ubi
237 3304 407 3386 prospectu
430 3297 462 3363 in
485 3296 595 3361 urbem
618 3310 793 3380 agrumque
809 3297 902 3377 capto
918 3291 996 3359 deos
1011 3300 1160 3377 precatus
1176 3299 1280 3383 regio-

163 3424 220 3471 nes
243 3404 283 3469 ab
307 3401 427 3469 oriente
449 3400 493 3466 ad
515 3417 664 3465 occasum
687 3395 908 3462 determinavit
919 3394 1047 3462 dextras
1059 3397 1103 3463 ad
1114 3399 1282 3469 meridiem

161 3508 271 3575 laevas
299 3504 343 3571 ad
369 3503 622 3592 septemtrionem
653 3520 723 3568 esse
753 3499 847 3583 dixit3
878 3500 1004 3585 signum
1032 3507 1143 3568 contra
1173 3508 1283 3587 quoad

161 3610 345 3697 longissime
368 3615 572 3695 conspectum
595 3606 677 3674 oculi
700 3604 846 3670 ferebant
867 3603 974 3671 animo
995 3604 1105 3670 finivit.
1121 3612 1187 3671 tum
1202 3608 1282 3678 lituo

160 3715 340 3781 inlaesam
362 3733 490 3779 manum
512 3711 667 3778 translato
690 3708 803 3773 dextra
824 3707 858 3772 in
880 3714 977 3793 caput
990 3709 1114 3775 Numae
1129 3711 1282 3797 imposita

161 3823 312 3905 precatus
342 3823 391 3884 est
418 3816 480 3883 ita:
514 3818 662 3897 luppiter
690 3817 783 3895 puter
810 3813 839 3878 si
866 3817 916 3877 est
944 3813 995 3878 fas
1023 3814 1112 3880 huno
1140 3818 1280 3883 Numam

161 3923 366 4007 Pompilium
387 3923 482 3987 cutus
510 3937 569 4000 ego
599 3922 698 4000 caput
723 3921 819 3982 teneo
846 3932 957 3997 regem
984 3932 1057 3982 esso
1076 3919 1201 3984 Romm
1229 3924 1282 3987 uti

164 4031 201 4096 tu
224 4028 315 4109 signa
339 4025 433 4094 nouis
456 4029 543 4093 certa
566 4023 758 4091 adclarassis
787 4021 873 4086 inter
901 4035 956 4086 eus
984 4021 1067 4086 finos
1096 4037 1178 4102 quos
1204 4023 1280 4094 toci.
