2880 4710
644 223 795 319 ⁶⁶

321 412 489 477 Resartum
517 430 641 477 summa
670 431 741 479 oum
774 411 1000 499 probabilitate
1035 431 1077 479 ex
1104 410 1204 477 Paulo
1243 415 1276 478 et

363 513 509 580 Charisia
531 513 572 599 Il,
597 514 668 580 196.
690 516 726 581 P.
941 521 943 525 '

240 621 320 687 Puto
344 622 449 684 autem
471 624 676 704 praeceptum
698 620 762 686 talc
784 620 884 688 fuisse
906 620 939 686 in
959 621 1069 705 legum
1089 618 1229 686 dictione
1244 625 1280 684 ut

158 745 260 812 augur
282 722 397 790 eadem
419 741 489 786 cnm
514 721 681 831 diligentia
702 743 798 806 quam
820 724 915 791 modo
938 723 1140 790 laudavimus
1156 742 1195 790 ea
1209 729 1278 789 tan-

154 837 220 896 tum
242 827 337 914 signa
359 831 393 891 at
414 845 450 892 se
471 825 630 911 pertinere
652 826 747 893 vellet
769 847 853 911 quae
874 848 964 913 ,sane
986 833 1135 910 sarteque
1165 827 1277 894 audire

153 932 334 1014 videreque‘
356 934 480 1014 posset,
509 927 542 994 id
565 935 614 994 est
636 930 730 995 eain
757 931 871 1014 quibus
899 930 988 997 nulla
1018 931 1173 997 dubitatio
1205 950 1278 998 esse

153 1040 259 1123 potest
280 1034 356 1118 quin
378 1051 491 1098 revera
514 1039 568 1098 aut
589 1033 705 1100 viderit
727 1042 782 1101 aut
797 1034 933 1100 audierit
942 1033 976 1121 1).
1013 1036 1164 1100 Fortasse
1179 1034 1279 1101 etiam

154 1139 196 1205 ad
218 1140 324 1224 legum
347 1136 520 1202 dictionem
543 1137 680 1222 pertinet
702 1131 984 1222 οἷποσπασμοέτιον
1006 1136 1166 1220 quoddam
1190 1138 1277 1222 quod

154 1243 271 1329 legitur
292 1239 380 1327 apud

239 1346 368 1430 Fragm.
390 1343 470 1409 XIII
492 1375 533 1398 π
555 1344 632 1410 Fest
654 1345 725 1410 290.
742 1347 882 1431 sonilvlo
898 1344 1058 1430 significat
1073 1345 1106 1410 in
1122 1345 1279 1434 car[mine

154 1449 271 1517 Saliari
293 1453 324 1514 et
344 1446 512 1535 A]ugnrali
534 1449 670 1515 sonanti.

239 1552 353 1619 Utrum
376 1550 513 1636 ‚Saliari‘
536 1557 621 1618 recte
642 1552 779 1618 Ursinus
810 1554 1004 1639 suppleverit
1033 1573 1103 1619 cum
1126 1554 1281 1621 Muellero

154 1656 302 1723 dubitare
322 1655 406 1720 licet.
444 1654 494 1720 De
516 1657 736 1741 supplemento
759 1657 925 1741 ,augurali‘
948 1657 1102 1724 dubitatio
1125 1677 1281 1727 essenon

155 1766 268 1846 potest.
305 1759 455 1824 Attamen
479 1778 518 1823 ex
540 1759 724 1825 coniectura
743 1765 866 1826 tantum
882 1760 943 1828 huc
958 1761 1158 1847 potissimum
1173 1762 1281 1831 refero

154 1883 258 1947 neque
280 1862 435 1944 obloquor
457 1862 484 1927 si
507 1862 579 1943 quis
601 1862 682 1928 forte
704 1862 794 1929 malit
815 1863 859 1929 ad
881 1863 1097 1948 precationem
1128 1871 1182 1929 aut
1212 1867 1280 1934 alio

157 1987 219 2050 quo
242 1955 369 2033 referre.
407 1964 554 2047 Denique
566 1967 652 2050 regis
669 1967 842 2033 declaratio
858 1988 878 2032 a
894 1967 985 2033 Livio
1002 1976 1279 2040 commemoratur.

154 2072 301 2153 Namque
335 2088 406 2134 cum
437 2066 525 2133 dicat
547 2068 672 2150 ‚quibus
694 2069 799 2136 missis
823 2069 1005 2135 declaratus
1028 2069 1068 2136 de
1090 2073 1209 2158 templo
1225 2074 1281 2142 de-

154 2172 287 2240 scendit‘
310 2170 504 2256 intellegitur
526 2170 773 2238 declarationem
795 2173 901 2239 verbis
932 2173 1122 2255 quibusdam
1153 2176 1282 2244 sollem-

153 2280 247 2345 nibus
276 2274 515 2362 pronuntiatam
544 2274 658 2360 suisse;
689 2277 806 2342 etenim
836 2277 898 2343 nisi
927 2277 1033 2342 verbis
1062 2277 1273 2350 sollemnibus

155 2381 329 2449 declaratio
352 2379 440 2445 sacta
462 2384 556 2463 esset,
579 2399 642 2445 vox
663 2379 867 2465 ‚declaratus‘
889 2379 977 2465 apud
999 2380 1124 2445 Livium
1147 2403 1280 2467 prorsus

154 2485 316 2574 superflua
338 2488 423 2550 esset
450 2501 520 2548 cum
537 2483 645 2568 verba,
669 2482 784 2566 quibus
799 2483 906 2549 missis
922 2483 962 2549 de
977 2484 1095 2568 templo
1111 2483 1281 2555 descendit

154 2592 224 2659 sola
244 2591 310 2655 iam
333 2585 565 2654 satisfacerent.
611 2586 705 2664 Quod
727 2587 755 2653 si
776 2606 965 2672 persuasum
995 2587 1149 2654 habemus
1180 2590 1279 2657 ctiam

151 2693 231 2760 illud
252 2692 286 2757 in
307 2690 477 2776 propatulo
499 2696 548 2755 est
570 2689 647 2772 quid
663 2690 704 2755 de
719 2690 951 2756 renuntiatione
967 2691 1052 2780 regis
1067 2691 1278 2762 iudicandum

153 2797 203 2863 sit.
254 2794 380 2860 Etenim
418 2812 489 2858 cum
524 2793 558 2857 in
596 2793 761 2860 creatione·
790 2795 876 2879 regis
913 2794 1156 2861 renuntiationis
1193 2816 1279 2879 quae

152 2900 229 2984 quin
250 2897 319 2964 fieri
340 2895 436 2963 solita
457 2896 498 2961 sit
527 2894 655 2961 dubium
685 2915 756 2962 esse
785 2917 849 2964 non
879 2903 997 2983 potest,
1029 2896 1117 2963 nulla
1145 2900 1279 2968 omnino

154 3001 273 3069 mentio
295 3001 350 3066 fiat
372 2999 514 3081 sequitur
535 3003 569 3063 at
591 2998 654 3064 nisi
675 3000 940 3067 renuntiationem
959 3021 1089 3085 prorsus
1110 3003 1279 3089 ascripto-

153 3108 241 3173 ribus
258 3104 409 3172 omissam
425 3121 497 3169 esse
512 3107 689 3169 statuamus
704 3104 970 3170 renuntiationem
982 3111 1013 3170 et
1025 3104 1278 3174 declarationem

151 3210 237 3276 idem
259 3207 440 3294 significare
462 3205 685 3272 concedamus.
730 3206 824 3284 Quod
854 3209 882 3273 si
908 3227 1017 3273 verum
1049 3215 1097 3273 est
1126 3228 1167 3274 ne
1196 3209 1279 3278 illud

153 3312 280 3396 quidem
303 3310 421 3377 diutius
443 3308 543 3375 latere
565 3309 680 3393 poterit
701 3328 794 3392 quem
817 3317 848 3376 et
869 3311 1106 3394 inaugurationi
1125 3317 1157 3378 et
1172 3311 1280 3379 decla-

152 3416 268 3482 rationi
298 3414 383 3499 regis
412 3413 592 3499 praefuisse
620 3433 808 3480 censeamus
840 3413 911 3479 dico
940 3414 1131 3498 interregem
1160 3435 1180 3480 a
1213 3436 1279 3498 quo

154 3521 279 3585 demum
301 3523 375 3604 post
395 3516 660 3583 renuntiationem
682 3517 749 3583 sive
770 3516 1018 3583 declarationem
1033 3522 1100 3583 tota
1116 3519 1280 3586 creatione

153 3623 297 3709 perfecta
319 3619 465 3704 auspicia
487 3619 529 3685 ad
550 3641 665 3689 novum
689 3640 795 3707 regem
818 3619 986 3687 transiisse
1005 3620 1178 3706 cogitanda
1193 3630 1279 3691 sunt.

238 3724 303 3791 Sed
340 3744 381 3790 ne
413 3724 601 3790 Mommseni
637 3724 827 3791 sententiam
864 3724 904 3789 de
941 3744 1017 3810 rege
1053 3725 1279 3809 inaugurando

153 3833 315 3898 transeam
338 3827 389 3913 (R.
418 3826 450 3893 S.
479 3828 510 3912 I,
540 3848 571 3912 p.
600 3829 641 3892 23
670 3847 695 3893 s.
725 3834 756 3896 et
784 3828 829 3914 ll,
858 3848 890 3912 p.
920 3829 966 3913 8.)
995 3826 1044 3894 vir
1073 3826 1278 3896 doctissimus

222 4053 247 4118 1)
265 4050 296 4106 cl.
316 4050 377 4106 Son.
395 4055 495 4123 quaest.
514 4057 567 4107 nat.
586 4051 625 4117 11,
642 4051 683 4109 32.
