2880 4710
153 440 245 488 suam
283 419 392 490 oeulos
429 421 632 505 animumque
669 440 796 506 semper
836 419 1060 488 transferebat.
1120 420 1286 493 Adiectum

154 532 261 591 autem
284 532 333 592 est
354 526 446 592 tertio
470 521 540 591 loeo
564 526 790 608 ‚eortumione‘
814 523 899 606 quod
921 524 1023 591 Varro
1046 526 1078 593 ll.
1107 527 1149 592 ad
1179 528 1287 594 cordis

152 629 256 694 visum
279 628 397 694 rettulit
419 628 668 694 assentientibus
691 626 916 711 interpretibus
940 629 995 710 qui
1017 636 1144 694 vertunt
1170 630 1305 714 ‚durob

153 735 266 797 innere
288 730 526 815 Betrachtung‘.
564 729 731 795 Eiusmodi
747 736 853 795 autem
869 729 1040 815 explicatio
1056 731 1084 796 si
1100 732 1177 815 quid
1193 732 1287 799 video

154 834 240 899 nullo
264 832 358 900 modo
381 833 570 900 satisfacere
597 838 711 918 potest.
756 834 865 925 Atque
888 839 922 898 ut
952 834 1028 916 quid
1059 855 1120 919 ego
1150 836 1287 901 sentiam

154 937 261 1002 dicam
284 935 361 1001 mibi
383 935 510 1019 quidem
532 934 668 1001 eandem
691 935 962 1022 praepositionem
983 957 1082 1019 aqua
1098 937 1181 1004 duae
1197 958 1289 1024 supe-

155 1041 257 1105 riores
280 1059 376 1105 vooes
398 1039 556 1124 incipiunt
578 1038 672 1104 etiam
700 1040 734 1103 in
762 1037 825 1104 hac
853 1058 933 1103 voce
963 1039 1064 1106 fuisse
1093 1040 1188 1106 valde
1218 1063 1289 1126 pro-

155 1143 263 1208 babile
285 1147 343 1208 est.
381 1142 533 1208 Fortasse
555 1141 583 1206 si
606 1141 790 1207 coniectura
812 1142 971 1225 permissa
992 1149 1041 1208 est
1056 1163 1118 1207 vox
1135 1145 1287 1210 cortumio

155 1266 176 1309 a
192 1243 303 1312 radice
315 1268 371 1328 χερ
387 1244 564 1329 repetenda
579 1249 628 1309 est
643 1263 727 1326 quae
742 1243 1007 1329 significationem
1024 1244 1122 1312 habet
1138 1247 1288 1331 capiendi

156 1347 325 1432 saepiendi
334 1349 378 1432 1);
402 1348 488 1431 quod
510 1345 639 1432 syllaba
661 1348 724 1430 ,tu‘
748 1345 792 1412 ad
815 1345 899 1414 bano
922 1347 1065 1414 radicem
1088 1350 1225 1415 accessit
1247 1350 1288 1414 of.

155 1451 328 1517 lor-tu-na
343 1482 385 1504 =
400 1449 611 1516 hor-tu-mio.
655 1449 706 1514 De
729 1450 844 1516 ceteris
865 1450 963 1536 plane
985 1450 1113 1518 haereo.
1159 1450 1289 1517 Nullam

156 1553 242 1619 enim
263 1552 362 1618 aliam
391 1572 503 1618 vocem
532 1552 641 1618 inveni
672 1571 755 1635 quae
784 1553 817 1617 in
847 1553 992 1638 syllabas
1024 1554 1121 1638 ‚mio‘
1151 1554 1288 1621 desinat.

156 1657 374 1741 Compositam
397 1663 503 1722 autem
526 1675 598 1721 esse
620 1662 697 1740 puto
720 1655 805 1722 hano
827 1677 939 1722 vocem
962 1677 1003 1721 ex
1025 1656 1087 1722 hae
1118 1658 1227 1723 radice
1258 1664 1290 1723 et

157 1779 197 1825 ex
219 1758 459 1844 praepositione
482 1760 578 1842 ‚con‘
608 1777 690 1841 quae
720 1757 838 1824 deinde
868 1779 940 1824 oum
967 1759 1079 1824 radice
1108 1760 1226 1826 coaluit
1256 1765 1290 1824 ut

156 1882 219 1928 vox
241 1861 357 1928 cohors
380 1863 413 1927 in
436 1881 508 1927 cors
531 1864 696 1927 contracta
719 1867 798 1926 est.
821 1862 917 1927 Verto
945 1861 1040 1946 igitur
1067 1860 1152 1927 hano
1178 1881 1289 1927 vocem

157 1963 274 2046 ‚durch
296 1965 532 2050 Abgrenzung‘
555 1983 598 2032 so.
629 1965 830 2030 sinistrarum
858 1965 995 2049 partium
1024 1986 1045 2030 a
1074 1963 1224 2030 dexteris.
1248 2004 1289 2012 -

156 2068 300 2133 Pertinet
329 2072 435 2133 autem
463 2066 545 2135 haec
574 2067 712 2144 formula
740 2066 851 2153 templi
880 2066 1084 2152 concipiendi
1113 2067 1216 2133 solum
1247 2066 1289 2133 ad

157 2170 389 2256 auguraoulum
412 2170 498 2253 quod
528 2176 596 2236 erat
624 2169 658 2234 in
680 2170 811 2251 Arcen.
857 2170 894 2234 In
925 2170 998 2235 aliis
1029 2171 1290 2254 autem'templis

156 2271 239 2338 alias
262 2273 416 2338 formulas
439 2273 575 2339 usitatas
597 2273 698 2338 fuisse
709 2273 810 2338 Varro
833 2271 964 2356 tradit³)
981 2293 1060 2356 quas
1077 2293 1179 2356 aeque
1194 2280 1291 2357 atque

158 2375 242 2441 hano
265 2375 433 2442 formulam
456 2376 545 2441 libris
569 2375 777 2461 auguralibus
793 2374 958 2441 vindicare
974 2375 1156 2459 poterimus.
1194 2375 1291 2442 Deni-

159 2498 221 2561 que
242 2479 271 2544 si
293 2479 509 2564 auspiciorum
532 2498 654 2564 genera
675 2497 772 2544 nosse
800 2478 888 2543 iuvat
915 2478 949 2543 in
976 2478 1090 2561 quibus
1119 2476 1200 2544 haec
1231 2480 1292 2545 i'or-

158 2582 246 2646 mula
280 2602 340 2649 usu
377 2582 500 2648 venerit
532 2581 691 2667 imprimis
728 2578 789 2647 buo
832 2580 991 2665 pertinent
1034 2581 1291 2665 inaugurationis

159 2685 307 2770 auspicia
329 2692 410 2751 teste
432 2685 524 2751 Livio
546 2685 572 2769 Ι,
597 2686 646 2750 18.
690 2683 819 2750 Deinde
842 2683 939 2750 etiam
962 2703 1018 2751 eos
1041 2683 1150 2767 quiin
1173 2684 1291 2750 bellum

160 2796 251 2854 erant
274 2788 446 2872 profecturi
468 2788 501 2853 in
524 2789 607 2853 Aroe
629 2787 784 2873 auspiciis
807 2807 937 2873 operam
967 2785 1096 2852 dedisse
1124 2787 1214 2852 testis
1244 2798 1293 2853 est

159 2889 275 2956 Festus
298 2892 383 2956 241³.
407 2911 432 2957 s.
457 2914 485 2957 v.
509 2898 648 2976 praetor.
673 2889 848 2975 'Auspicia
876 2895 981 2955 autem
1002 2902 1052 2955 ¹ea
1082 2908 1165 2973 quae
1195 2891 1293 2975 magi-

159 2998 278 3058 stratus
300 2994 447 3060 ineuntes
470 2996 618 3061 solebant
640 3000 782 3079 captare,
806 3014 872 3059 non
894 2992 928 3057 in
950 2993 1066 3075 Arce4)
1091 2992 1150 3058 sed
1172 2993 1206 3058 in
1222 2993 1291 3060 soro

160 3097 420 3180 captabantur⁵t

245 3199 375 3283 Fragm.
399 3200 475 3265 XVI
503 3232 542 3254 =
572 3201 637 3267 Cio.
669 3201 710 3268 de
739 3201 802 3267 div.
827 3202 875 3284 ΙΙ,
906 3201 957 3264 34.
984 3203 1048 3263 lb:
1087 3205 1124 3279 tt.
1155 3202 1232 3267 Fabi
1260 3208 1293 3266 te

160 3305 244 3368 milri
266 3305 302 3368 in
328 3305 479 3384 suspicio
507 3321 579 3371 esse
605 3308 680 3370 volo
710 3303 899 3389 respondet:
938 3304 1060 3370 rtudivt.
1105 3303 1156 3368 Illi
1187 3310 1293 3368 autem

161 3405 270 3487 quiin
294 3406 472 3491 auspicium
495 3405 665 3472 adhibetur
687 3427 759 3474 cum
780 3407 827 3472 ita
848 3404 1019 3492 imperavit
1046 3405 1074 3470 is
1104 3407 1158 3489 qui
1189 3406 1294 3491 auspi-

162 3515 267 3573 catur:
305 3511 412 3575 lticito
442 3512 471 3575 si
501 3511 672 3576 silentium
703 3528 774 3577 esse
802 3511 932 3576 videtur
968 3529 1027 3575 neo
1063 3508 1198 3594 suspicit
1234 3527 1293 3573 neo

160 3610 384 3696 circumspicit,
408 3612 514 3678 statim
537 3611 711 3696 respondet
733 3612 895 3678 silentium
918 3632 991 3679 esse
1013 3611 1124 3677 videri.

165 3737 373 3744 -.-...-—-..-.

231 3786 256 3852 1)
272 3783 304 3836 cf.
322 3784 465 3837 hor-tus
483 3778 640 3852 eo·hor(t)s
657 3783 729 3851 apud
747 3784 778 3837 G.
798 3783 919 3837 Curtium
943 3789 1022 3853 etym.
1040 3783 1099 3836 200.
1120 3813 1151 3821 -
1169 3783 1199 3850 2)
1218 3782 1292 3836 Paul.

161 3886 185 3936 p.
206 3869 245 3922 18.
266 3899 298 3906 -
316 3869 346 3936 3)
365 3869 512 3937 concipitur
530 3884 584 3922 non
602 3869 689 3924 verbis
711 3869 795 3923 isdem
817 3883 1014 3938 usquequaque.
1033 3899 1066 3908 -
1083 3870 1110 3935 4)
1127 3873 1158 3922 ut
1180 3867 1293 3922 fortasse

161 3955 247 4021 possit
271 3955 356 4008 conici
387 3970 419 4007 ex
445 3954 519 4007 Ovid.
550 3970 608 4021 epp.
639 3970 672 4007 ex
696 3954 783 4008 Ponto
806 3955 852 4020 IV,
876 3957 900 4008 4.
926 3955 966 4007 nt.
998 3984 1030 3993 —
1059 3955 1085 4023 b)
1108 3957 1177 4007 teste
1200 3953 1293 4008 Cassio

163 4040 251 4094 Dione
271 4040 312 4094 58.
330 4041 353 4093 5.
