2880 4710
93 433 282 503 'meritoriis
307 431 483 499 vindicare.
529 430 597 517 (Fr.
621 432 691 518 IV.)
735 431 824 499 Idem
855 432 993 499 sortasse
1022 432 1062 500 de
1092 450 1130 497 eo
1159 449 1249 516 prae-

112 544 211 625 cepto
241 535 407 623 auguralis
437 533 630 619 disciplinae
659 536 746 601 valet
775 535 861 619 quod
898 534 997 601 tradit
1027 534 1109 599 Plin.
1140 534 1181 600 Η.
1207 535 1248 601 N.

112 643 168 709 28.
191 644 222 706 2.
247 643 315 705 17.:
339 639 373 703 in
396 657 552 723 augurum
576 637 749 723 disciplina
770 645 897 705 constat
919 658 1023 719 neque
1039 637 1127 703 diras
1144 656 1249 719 neque

111 744 185 811 ulla
205 742 354 828 auspicia
374 741 534 826 pertinere
557 739 600 805 ad
622 760 678 807 ecs
701 741 756 824 qui
775 760 934 825 quamque
950 761 1016 807 rem
1032 739 1250 825 ingredientes

112 848 309 914 observasse
331 864 371 910 00
393 844 591 930 negaverint,
616 863 678 926 quo
709 863 840 909 munere
870 842 1000 909 divinae
1030 841 1250 925 indulgentiae

111 949 220 1017 maius
249 933 372 1014 nullum
402 949 471 1014 est‘.
528 946 655 1012 Etenim
692 947 720 1012 si
756 946 818 1013 hoo
856 952 1063 1032 praeceptum
1100 965 1250 1027 umquam

108 1051 227 1119 litteris
248 1048 435 1117 mandatum
458 1049 527 1133 fuit,
551 1049 658 1116 Iacere
680 1070 745 1116 non
766 1070 897 1135 possum
920 1050 998 1132 quin
1014 1047 1250 1114 commentariis

112 1152 275 1221 vindicem
313 1152 432 1238 quippe
469 1153 584 1236 quibus
620 1153 677 1219 illa
712 1153 829 1219 veteris
866 1151 1058 1236 disciplinae
1094 1151 1249 1217 severitas

112 1255 354 1341 quodammodo
377 1254 524 1341 mitigata
546 1277 585 1323 ac
608 1255 743 1323 remissa
758 1256 809 1323 sit.
847 1255 888 1321 01.
905 1254 980 1321 Sem
997 1258 1120 1337 quaest.
1136 1256 1177 1339 Il,
1198 1256 1249 1320 32.

241 1410 280 1476 Β.
303 1407 434 1477 decreta
456 1411 634 1497 auguralia.

200 1564 330 1650 Fragm.
352 1564 425 1628 I=
441 1564 508 1631 Cio.
532 1564 574 1630 de
604 1565 699 1632 domo
722 1564 791 1650 XV,
815 1567 873 1631 39:
904 1564 1006 1631 Venio
1036 1562 1080 1630 ad
1109 1584 1248 1650 augures

113 1686 248 1750 quornm
271 1686 332 1752 ego
355 1665 454 1733 libros
477 1667 505 1732 si
528 1667 582 1750 qui
604 1675 679 1734 sunt
694 1668 851 1734 reconditi
867 1689 932 1736 non
948 1674 1079 1753 scrutor,
1096 1688 1160 1734 non
1177 1687 1247 1734 sum

110 1768 149 1834 in
171 1768 368 1853 exquirendo
392 1769 460 1836 iure
483 1789 640 1856 augurum
664 1771 825 1838 curiosus:
863 1771 944 1838 haec
973 1791 1057 1853 quae
1084 1790 1150 1836 una
1178 1790 1248 1837 cum

110 1872 234 1958 populo
257 1870 356 1937 didici
380 1892 462 1956 quae
486 1893 585 1959 saepe
607 1875 640 1939 in
663 1874 868 1942 contionibus
892 1894 1050 1960 responsa
1069 1877 1143 1940 sunt
1159 1873 1248 1939 novi:

111 1980 238 2060 negant
257 1974 309 2041 100
332 1994 405 2042 0000
427 1976 483 2062 agi
505 1997 577 2043 eum
599 1978 720 2063 populo
743 1997 814 2044 eum
837 1976 879 2043 dc
901 1976 993 2043 eaelo
1010 1981 1172 2043 servatum
1187 1976 1248 2042 sit‘.
1319 1968 1325 1979 '

112 2076 156 2143 01.
183 2078 214 2158 ξ.
236 2078 293 2142 40:
331 2083 376 2162 ‚tu
404 2099 544 2164 augures
572 2079 752 2165 produxisti
781 2101 802 2146 0
834 2087 866 2146 10
894 2080 1082 2166 interrogati
1110 2098 1250 2164 augures

110 2178 349 2267 responderunt
379 2202 450 2248 cum
480 2182 521 2249 de
551 2183 641 2251 caelo
671 2190 832 2250 servatum
863 2185 905 2251 sit
936 2183 992 2269 agi
1022 2204 1093 2250 cum
1128 2182 1248 2269 pogulo

20 2316 44 2329 ·-
110 2303 179 2350 non
201 2286 317 2369 posse‘.

282 2387 324 2454 01.
345 2387 383 2453 R.
402 2387 440 2455 U.
458 2390 508 2455 76.
525 2390 599 2455 adn.
614 2391 646 2455 4.
681 2390 718 2454 Β.
734 2390 776 2456 11.
792 2391 833 2473 ΙΙ,
857 2390 885 2455 3.
903 2389 953 2454 80.
977 2407 1065 2472 seqq.
1103 2388 1139 2454 L.
1156 2389 1192 2453 L.
1208 2388 1248 2454 H.

326 2491 352 2575 Ι,
374 2491 448 2557 295.
485 2491 527 2557 M.
551 2493 587 2558 R.
612 2492 645 2559 S.
667 2495 693 2576 I,
717 2493 747 2557 5.

202 2593 293 2660 Serv.
317 2592 360 2660 ad
381 2594 463 2662 Aen.
486 2595 540 2662 IV.
565 2597 644 2660 167:
683 2593 768 2661 actio
795 2593 961 2679 perimitur
988 2615 1059 2662 cum
1088 2593 1130 2660 de
1158 2592 1249 2661 caelo

111 2702 277 2764 servatum
299 2699 368 2763 est‘.
523 2776 527 2781 ι

199 2800 251 2867 Ad
277 2799 338 2867 hoc
367 2806 575 2886 praeceptum
603 2801 681 2868 iuris
711 2801 877 2888 auguralis
912 2800 999 2883 quod
1039 2802 1072 2866 in
1109 2800 1249 2867 decretis

112 2901 268 2969 traditum
297 2922 370 2969 0000
398 2903 525 2969 videtur
552 2903 778 2971 illustrandum
808 2904 965 2989 imprimis
1002 2904 1126 2971 confert
1160 2906 1251 2970 locus

114 3005 224 3073 Cassii
245 3005 361 3073 Dionis
384 3007 437 3072 cui
458 3006 595 3092 primum
617 3007 744 3073 Rubino
768 3008 870 3073 lucem
894 3007 999 3073 attulit
1020 3007 1175 3092 XXXIII,
1201 3010 1250 3072 13.

113 3109 274 3176 Cohaeret
296 3115 404 3175 autem
426 3109 489 3175 hoc
510 3116 718 3194 praeceptum
741 3117 810 3177 arte
833 3131 903 3176 cum
920 3130 958 3176 eo
974 3115 1147 3195 praecepto
1164 3109 1249 3192 quod

112 3212 149 3277 in
178 3209 219 3277 fr.
240 3211 364 3296 XXIV,
395 3233 427 3297 p.
457 3213 509 3277 38.
532 3219 716 3279 enarratum
739 3220 796 3280 est.
841 3214 989 3295 Namque
1011 3212 1039 3278 si
1069 3211 1123 3295 qui
1149 3213 1250 3298 magi-

115 3320 238 3382 stratus
259 3314 373 3400 populi
395 3314 533 3381 Romani
556 3335 628 3383 sese
651 3315 692 3382 de
714 3318 805 3384 caelo
837 3334 986 3382 servasse
1013 3313 1166 3380 dicebant
1194 3315 1253 3381 iul-

112 3436 189 3485 men
216 3417 279 3484 sibi
318 3417 509 3504 apparuisse
546 3417 759 3486 declarabant
767 3418 802 3505 1).
853 3420 931 3485 Iove
963 3423 1071 3484 autem
1107 3418 1252 3506 fulgente

112 3525 247 3588 tonante
269 3541 341 3587 oum
363 3520 484 3606 populo
507 3522 562 3607 agi
584 3523 678 3590 netas
701 3528 777 3589 erat.
823 3522 950 3588 Etenim
972 3521 1059 3604 quod
1092 3522 1251 3588 interdum

112 3623 325 3711 pronuntiant
347 3643 383 3690 sc
406 3623 447 3689 de
470 3624 560 3691 caelo
583 3632 766 3693 servaturos
789 3644 870 3709 esse,
894 3646 959 3692 non
980 3624 1043 3691 hoc
1058 3623 1163 3690 edicto
1179 3624 1250 3709 ipso

114 3727 246 3795 comitia
267 3725 440 3813 prohibent
462 3733 517 3792 aut
538 3728 669 3812 vitiant,
693 3727 752 3795 sed
774 3727 910 3814 singulis
933 3727 1113 3810 quibusque
1135 3727 1250 3794 diebus

30 3898 33 3903 ,
114 3849 173 3897 000
194 3829 229 3894 in
250 3849 400 3915 campum
424 3830 620 3897 descendere
643 3832 898 3913 obnuntiareque
920 3848 1054 3896 necesse
1074 3837 1142 3897 erat
1164 3831 1249 3914 quod

113 3972 324 3981 m*-

184 4055 210 4123 1)
227 4054 257 4108 B.
275 4054 312 4108 M.
331 4054 372 4120 ΙΙ,
391 4054 416 4108 3.
435 4055 475 4109 83.
512 4054 549 4108 Μ.
568 4056 598 4108 R.
617 4055 643 4109 S.
663 4055 684 4121 1,
703 4056 725 4109 tl.
745 4054 848 4111 001102.
