2880 4710
697 330 707 336 .
737 238 777 335 ,10

193 431 327 517 Figulus
349 447 389 495 ex
410 425 500 494 libris
522 425 683 512 Tageticis
706 429 852 514 promsit,
881 429 905 494 I.
930 427 1120 494 Laurentius
1144 428 1254 515 Lydus
1281 429 1314 495 in

194 535 354 606 Graccum
376 551 555 601 sermonem
577 533 679 600 vertit.

277 638 344 702 lam
366 655 442 702 vero
465 634 507 700 ad
529 636 694 721 auguralis
717 635 906 722 disciplinae
932 637 1030 702 libros
1058 656 1168 722 pergo.
1212 636 1314 703 Disci-

191 740 301 826 plinac
323 739 486 826 auguralis
508 740 621 806 notitia
643 740 782 824 antiquis
807 740 1003 825 temporibus
1031 739 1101 805 sine
1129 738 1226 807 dubio
1255 761 1314 826 per

93 870 96 876 ·
191 844 376 910 memoriam
385 861 605 910 successorum
613 843 972 925 celebrabatureiusque
981 843 1157 910 ususetiam
1164 837 1315 928 posterio-

190 948 278 1014 ribus
307 946 502 1032 temporibus
536 949 616 1015 satis
650 949 749 1034 plana
781 947 918 1032 vestigia
954 951 1132 1031 supersunt.
1177 948 1314 1014 Romani

94 1082 97 1087 ·
128 1065 131 1070 ’
191 1044 320 1134 quidem
335 1069 476 1135 augures
489 1050 728 1119 commentandi
744 1068 843 1117 causa
858 1055 954 1133 atque
971 1049 1052 1116 inter
1064 1068 1099 1114 se
1111 1049 1314 1133 colloquendi

189 1154 292 1221 Nonis
314 1153 483 1220 convenire
506 1153 695 1241 solebant1).
739 1152 861 1220 Eadem
892 1152 1087 1219 consuetudo
1116 1159 1250 1239 apparet
1273 1175 1313 1220 ex

165 1259 261 1323 ¹loco
297 1255 437 1340 quodam
463 1256 553 1322 Festi
581 1279 656 1342 pag.
686 1258 741 1322 16:
776 1257 898 1343 ‚arcani
927 1255 1082 1322 sermonis
1118 1256 1312 1340 significatio

189 1358 324 1426 trahitur
346 1359 414 1426 sive
435 1361 477 1426 ab
499 1381 574 1426 arce
601 1381 684 1444 quae
709 1361 869 1428 tutissima
898 1379 973 1445 pars
1002 1367 1050 1425 est
1077 1359 1165 1426 urbis
1196 1360 1264 1426 sive
1291 1382 1312 1426 a

91 1472 96 1481 '
190 1484 309 1550 genere
331 1463 481 1530 sacrificii
503 1463 588 1546 quod
610 1463 644 1529 in
667 1484 742 1530 arce
764 1463 799 1529 fit
813 1464 854 1529 ab
870 1462 1044 1547 auguribus
1059 1462 1141 1530 adeo
1156 1470 1312 1531 remotum

189 1589 210 1634 a
233 1568 347 1635 notitia
376 1567 502 1653 vulgari
529 1573 563 1631 ut
589 1588 630 1634 ne
656 1568 769 1633 litteris
799 1564 928 1649 quidem
957 1566 1139 1651 mandetur,
1170 1569 1229 1633 sed
1255 1590 1313 1655 per

190 1671 377 1737 memoriam
399 1689 619 1737 successorum
643 1671 841 1738 celebretur‘.
879 1669 1028 1735 Attamen
1050 1689 1126 1737 vero
1146 1671 1212 1736 iam
1227 1693 1312 1739 anno

190 1796 219 1839 a.
251 1793 280 1838 u.
312 1795 338 1840 c.
369 1775 509 1855 5911163
540 1793 613 1840 cum
640 1774 786 1840 Tiberius
816 1772 1022 1857 Sempronius
1053 1773 1165 1840 iterum
1200 1774 1335 1841 consul

190 1884 283 1960 esset,
307 1877 379 1943 libri
401 1877 532 1961 quidam
552 1878 760 1965 reperiuntur,
784 1877 898 1961 quibus
913 1876 962 1942 ius
979 1876 1145 1961 augurium
1161 1877 1310 1944 traditum

189 1979 294 2045 inisse·
315 1981 504 2072 scriptorum
525 1981 716 2048 testimoniis
740 1980 905 2066 constas).
949 1980 996 2045 Ao
1017 1979 1153 2065 primum
1182 1981 1311 2064 quidem

190 2083 267 2149 libri
288 2101 452 2165 augurum
474 2083 543 2150 sive
565 2088 738 2168 augurales
761 2089 1060 2168 commemorantur,
1084 2084 1137 2166 qui
1160 2084 1312 2171 descripti

189 2184 222 2249 in
239 2185 487 2269 uniuscuiusque
503 2186 632 2271 auguris
648 2187 795 2253 manibus
811 2187 910 2253 inisse
925 2186 1080 2253 videntur.
1118 2188 1166 2252 Ti.
1183 2189 1310 2271 quidem

191 2287 397 2372 Sempronius
420 2309 476 2355 eos
498 2307 606 2355 secum
621 2290 656 2355 in
671 2290 854 2357 Sardiniam
869 2289 1068 2375 provinciam
1084 2292 1188 2358 attulit
1202 2293 1310 2375 ibique

190 2411 261 2456 cum
290 2391 412 2477 legeret
434 2391 514 2472 (Cio.
538 2391 579 2459 de
607 2399 671 2459 nat.
702 2393 789 2460 deor.
817 2393 864 2473 ΙΙ,
892 2395 923 2457 4.
953 2394 1017 2475 11.)
1047 2395 1232 2461 recordatus
1263 2403 1311 2471 est

190 2493 267 2576 quid
289 2494 351 2561 sibi
373 2495 406 2561 in
426 2515 543 2581 campo
566 2496 696 2563 comitia
712 2496 876 2562 consulum
892 2496 1023 2562 habenti
1038 2502 1149 2564 contra
1164 2498 1311 2583 auspicia

188 2597 361 2665 accidisset
389 2597 469 2683 (Cic.
493 2598 536 2664 ad
551 2599 618 2678 Qu.
649 2600 686 2665 ir.
713 2600 761 2685 II,
790 2601 821 2665 2.
846 2602 899 2685 1.).
943 2601 1042 2667 Porro
1070 2600 1098 2665 si
1127 2601 1309 2683 quaerimus

187 2701 302 2784 quibus
325 2702 520 2787 temporibus
541 2702 614 2769 libri
629 2722 787 2789 augurum
802 2704 863 2769 orti
877 2703 941 2769 sint
956 2703 1195 2788 compositique,
1219 2705 1310 2789 origo

188 2804 389 2887 quarundam
419 2805 556 2890 partium
585 2826 624 2871 ex
653 2825 763 2892 regum
793 2811 936 2890 tempore
965 2805 1043 2871 mihi
1078 2805 1203 2872 videtur
1238 2828 1309 2875 esse

186 2899 362 2993 repetenda
370 2908 404 2995 ³).
449 2907 575 2975 Etenim
597 2908 630 2973 in
658 2908 841 2993 fragmento
868 2909 980 2974 XXXI
1007 2941 1048 2962 =
1077 2908 1142 2975 Cic.
1173 2909 1213 2976 de
1241 2931 1308 2996 rep.

103 3074 105 3078 .
186 3012 232 3096 ΙΙ,
262 3012 312 3075 31.
341 3010 391 3077 54.
422 3017 686 3079 commemoratur
713 3013 973 3098 provocationem
1003 3012 1098 3078 etiam
1129 3034 1149 3077 a
1178 3015 1308 3099 regibus

185 3114 294 3182 luisse.
338 3114 464 3203 Deinde
486 3115 583 3180 etiam
605 3115 743 3182 formula
764 3134 875 3201 regum
903 3114 1196 3201 inaugurandorum
1225 3138 1308 3200 quae

185 3219 254 3285 siue
277 3218 372 3285 dubio
395 3217 485 3285 libris
502 3218 708 3305 auguralibus
724 3218 919 3285 vindicanda
935 3218 1041 3290 estad
1056 3218 1148 3305 regni
1163 3225 1308 3305 tempora

168 3322 321 3406 pertinet
342 3322 487 3407 (Fragm.
510 3322 559 3389 XI
573 3354 614 3376 =
629 3322 698 3388 Liv.
721 3323 746 3407 Ι,
771 3322 846 3408 IS).
891 3321 956 3389 Sed
979 3323 1111 3407 turpiter
1129 3341 1307 3390 erraremus

185 3425 213 3491 si
235 3425 301 3491 iam
323 3445 434 3511 regum
456 3426 651 3511 temporibus
673 3431 773 3492 totum
796 3447 910 3511 corpus
932 3425 1009 3492 iuris
1032 3425 1195 3511 auguralis
1214 3432 1249 3490 ut
1263 3426 1309 3492 ita

187 3528 293 3595 dicam
325 3529 539 3615 conscriptum
569 3549 640 3596 esse
667 3529 902 3596 arbitraremur.
946 3531 1093 3612 Namque
1121 3528 1155 3594 in
1186 3528 1306 3596 eisdem

184 3632 275 3698 libris
298 3633 415 3699 mentio
439 3630 473 3698 fit
495 3631 673 3717 dictatoris,
704 3653 799 3715 quem
821 3639 939 3698 vocant
968 3633 1157 3718 magistrum
1185 3634 1305 3719 populi.

183 3735 221 3800 fr.
244 3736 385 3803 XXVIII
407 3768 447 3790 =
471 3734 536 3803 (lic.
560 3734 600 3803 de
622 3756 688 3821 rep.
710 3738 739 3822 I,
761 3737 813 3802 40.
837 3737 888 3801 63.
932 3737 1100 3812 Dictatura
1128 3738 1233 3801 autem
1261 3736 1306 3802 in-

252 3890 277 3957 1)
295 3890 349 3944 Cic.
368 3890 400 3944 de
418 3890 469 3945 div.
487 3890 508 3953 Ι,
526 3889 567 3943 41.
586 3891 628 3945 90.
646 3921 680 3930 -
697 3893 723 3959 2)
741 3890 793 3945 Cic.
811 3891 844 3945 de
862 3896 916 3945 nat.
934 3890 1006 3945 deor.
1024 3890 1059 3955 Π,
1076 3889 1100 3942 4.
1119 3890 1158 3943 11.
1178 3921 1211 3928 -
1229 3890 1254 3958 3)
1271 3890 1303 3944 cf.

183 3976 387 4031 Ambroschium
406 3976 438 4031 de
456 3976 538 4031 sacris
549 3976 624 4031 Rom.
643 3977 718 4032 libris
735 3983 797 4046 part
808 3977 828 4030 1.
846 3976 940 4041 (Bresl.
958 3976 1035 4046 1350)
1052 3993 1078 4045 p.
1092 3977 1125 4029 11
1140 3979 1169 4030 et
1186 3975 1305 4031 ciusdem

183 4061 281 4116 librum
299 4063 344 4132 qui
361 4063 504 4134 inscriptus
522 4067 563 4118 est
580 4062 702 4127 ‚Studien
719 4062 775 4118 und
792 4061 999 4134 Audeutungen‘
1016 4079 1042 4134 p.
1056 4061 1113 4116 163.
1131 4060 1191 4116 adn.
1205 4062 1245 4114 19.
