2880 4710
695 212 736 280 34

321 407 361 471 cf.
379 406 523 490 Μ.Ε.ΙΙ,
543 407 613 469 190.
637 405 672 468 B.
682 405 723 468 M.
733 403 774 486 ΙΙ,
787 403 877 466 3.77.
888 403 937 466 79.
960 401 1090 487 Moager
1102 404 1196 490 apud
1208 407 1296 474 Pau-

363 509 720 594 lyum11‚1174.1177.
744 507 780 571 L.
791 505 827 569 L.
837 505 876 570 H.
887 505 911 588 Ι,
929 505 1000 569 296.
1022 505 1064 572 Μ.
1077 507 1115 572 Β.
1129 509 1163 575 S.
1178 510 1206 594 Ι,
1218 531 1252 595 p.
1263 513 1294 577 9.

238 613 381 681 Pertinet
402 611 464 678 hoc
486 611 701 697 fragmentum
724 608 766 674 ad
789 608 935 693 auspicia
956 607 1096 695 pullaria
1123 631 1213 694 quae
1240 615 1297 681 ob-

152 737 301 787 servasse
331 735 470 802 augures
499 716 662 782 Romanos
693 711 783 778 testis
813 718 862 777 661
890 711 1008 777 Paulus
1041 733 1073 798 p.
1103 715 1169 779 260
1208 736 1235 786 s.
1263 740 1295 784 v.

153 825 300 908 quinque.
350 820 500 885 Attamen
531 838 603 884 sero
633 816 760 882 demum
791 834 832 880 ca
866 815 1012 898 auspicia
1046 814 1183 883 inducta
1220 840 1295 887 esse

152 925 344 1012 perspicitur
371 942 412 988 ex
441 921 507 986 Cic.
539 920 580 986 de
609 919 673 986 div.
702 919 749 1002 11,
779 919 829 982 35.
882 916 952 982 Huc
982 917 1109 984 accedit
1137 919 1231 1002 quod
1260 924 1294 989 in

153 1029 307 1097 historiae
337 1024 550 1092 monumentis
580 1044 643 1088 non
673 1022 737 1087 nisi
764 1041 804 1087 ex
840 1026 982 1105 tempore
1019 1021 1179 1088 bellorum
1219 1046 1294 1092 cum

152 1132 351 1201 Samnitibus
382 1134 544 1214 gestorum
574 1126 643 1191 eius
674 1125 811 1210 auspicii
840 1123 987 1208 exempla
1015 1131 1144 1192 exstant
1153 1129 1192 1211 l).
1244 1131 1294 1197 Ac

152 1238 289 1323 primum
319 1230 448 1317 quidem
477 1229 580 1296 solum
608 1229 641 1293 iu
671 1227 763 1293 bellis
793 1226 943 1313 gerendis
971 1227 1119 1312 auspicia
1148 1231 1295 1315 pullaria

130 1343 185 1406 ¹in
208 1358 269 1405 usu
291 1337 392 1403 fuisse
413 1334 606 1415 videnturl).
652 1329 820 1409 Quomodo
844 1335 948 1395 autem
971 1329 1005 1394 in
1033 1331 1294 1402 castris-obscr-

151 1450 228 1509 vata
251 1441 314 1506 sint
335 1437 477 1524 perspici
499 1435 736 1519 quodammodo
760 1434 835 1500 licet
857 1452 897 1498 ex
912 1433 1085 1518 interprete
1100 1435 1293 1520 Vergiliano

152 1546 195 1611 ad
218 1545 297 1609 Aen.
322 1542 369 1625 X,
393 1541 467 1605 241.
491 1559 585 1621 quem
614 1539 720 1604 locum
747 1535 843 1603 valde
872 1535 1050 1602 mutilatum
1079 1538 1189 1620 quoad
1221 1543 1293 1608 eius

152 1648 221 1714 11611
237 1650 364 1732 poterat
378 1642 514 1709 restituit
529 1642 745 1707 Mommsenus
761 1641 797 1705 R.
811 1639 843 1704 S.
856 1639 881 1722 Ι,
899 1640 949 1703 10.
966 1638 1041 1705 adn.
1058 1641 1087 1705 5.
1105 1641 1145 1706 cf.
1161 1642 1293 1711 Keilius

153 1753 194 1818 Μ.
208 1749 329 1816 Valerii
351 1746 448 1813 Probi
471 1751 639 1811 comment.
663 1743 734 1810 Hal.
758 1765 788 1827 p.
811 1743 882 1806 104.
928 1742 1099 1809 Paullatim
1123 1750 1233 1811 autem
1258 1748 1292 1813 in

151 1855 245 1921 bellis
276 1849 428 1937 gerendis
458 1849 620 1933 aruspicari
650 1845 859 1929 (1661611113).
910 1846 1023 1928 Itaque
1057 1846 1179 1913 factum
1216 1870 1292 1918 csse

151 1957 278 2024 videtur
300 1961 334 2020 ut
356 1952 503 2038 auspicia
525 1950 662 2034 pullaria
683 1949 872 2034 praesertim
895 1969 967 2014 cum
989 1949 1177 2033 plerumque
1199 1954 1292 2039 apud

152 2059 376 2144 auspicantem
399 2061 484 2121 esset
506 2053 582 2135 quid
598 2050 747 2136 portendi
763 2052 809 2118 eis
824 2052 955 2136 1611614)
972 2052 1015 2118 ad
1031 2053 1160 2120 comitia
1175 2058 1292 2141 populi

152 2160 290 2229 Romani
313 2157 466 2223 habenda
489 2160 694 2240 captarentur
716 2160 797 2221 16616
819 2155 931 2221 Servio
955 2155 998 2223 ad
1020 2156 1100 2222 Aen.
1114 2157 1167 2241 Vl,
1185 2160 1289 2241 l98.⁶)

153 2262 318 2330 Ciceronis
357 2260 484 2343 quidem
521 2257 718 2342 temporibus
756 2257 798 2323 ad
836 2258 966 2325 comitia
1002 2257 1153 2325 habenda
1189 2262 1290 2329 nullis

155 2366 283 2435 omnino
314 2363 387 2429 aliis
417 2361 569 2448 auspiciis
599 2361 644 2426 uti
674 2366 823 2448 poterant
852 2362 914 2427 nisi
950 2362 1095 2446 pullariis
1102 2385 1120 2445 ;⁴
1148 2383 1290 2448 namque

153 2470 300 2554 auspicia
321 2467 449 2552 quidem
472 2485 512 2533 ex
534 2464 651 2546 {avibus
683 2486 721 2532 co
752 2472 895 2551 tempore
924 2465 1049 2552 captari
1079 2464 1185 2531 desita
1214 2487 1290 2535 esse

153 2578 290 2659 apparet
320 2592 360 2636 ex
382 2570 449 2635 Cic.
478 2568 520 2634 de
547 2567 610 2636 div.
633 2570 682 2654 ΙΙ,
705 2571 756 2635 33.
782 2572 831 2633 71.
880 2568 992 2651 Itaque
1020 2569 1169 2653 Mergero
1198 2572 1290 2655 apud

151 2676 310 2760 Paulyum
346 2694 377 2758 p.
402 2675 494 2739 1114.
525 2672 579 2755 qui
610 2670 718 2738 docet:
757 2673 842 2755 ‚Nur
871 2671 972 2738 seltcn
1002 2691 1069 2736 war
1098 2671 1132 2735 in
1160 2673 1290 2741 ’1111111-

152 2779 303 2844 comitien
326 2776 379 2842 ein
401 2774 590 2860 Tripudium
617 2772 846 2858 angewendet,
877 2794 946 2840 was
974 2773 1193 2840 sortwdhrend
1221 2797 1289 2845 von

152 2882 285 2964 Augurn
308 2880 438 2960 besorgt
460 2876 590 2943 werden
614 2878 749 2943 musste‘
764 2877 851 2942 nullo
867 2876 963 2942 modo
980 2877 1128 2943 assentiri
1143 2898 1289 2963 possum.

154 2981 247 3062 Quod
270 2986 376 3047 autem
400 2980 513 3045 attinet
535 2978 578 3045 ad
600 2980 770 3045 formulam
793 2980 863 3045 sine
886 2979 1086 3046 dubitatione
1108 3000 1179 3046 eam
1195 2982 1290 3051 libris

153 3084 361 3170 auguralibus
383 3081 550 3147 vindicare
572 3080 725 3148 debemus
747 3084 781 3147 in
804 3103 868 3165 qua
890 3087 1049 3149 sententia
1072 3084 1290 3153 6116119166-

153 3208 243 3256 serus
267 3188 361 3270 6616).
399 3186 457 3252 Est
478 3193 584 3252 autem
608 3190 675 3250 tota
697 3184 834 3251 formula
849 3186 1013 3271 stipulatio
1029 3187 1188 3269 quaedam
1203 3189 1291 3257 11161

152 3291 375 3375 magistratum
397 3295 429 3355 et
451 3307 606 3374 augurem
628 3287 697 3353 sive
717 3289 889 3373 pullarium
912 3308 976 3372 qua
1004 3311 1107 3375 augur
1137 3312 1158 3357 a
1186 3294 1290 3377 magi-

153 3399 254 3475 stratu
276 3393 310 3458 in
333 3391 512 3477 auspicium
540 3389 718 3456 adhibetur.
763 3393 867 3475 Atque
897 3393 1033 3477 primum
1063 3392 1191 3476 quidem
1220 3415 1289 3461 ma-

152 3499 305 3583 gistratus
327 3495 480 3579 imperat:
518 3494 573 3577 ‚Q
597 3494 680 3560 Fabi
702 3501 734 3561 16
756 3495 835 3561 mihi
856 3496 889 3561 in
917 3497 1061 3581 auspicio
1091 3516 1163 3563 esse
1190 3499 1289 3566 solo!

151 3601 311 3666 Dicuntur
332 3618 410 3682 crgo
438 3616 577 3682 augures
604 3598 845 3685 magistratibus
876 3599 924 3684 ,in
952 3600 1111 3684 auspicio‘
1139 3600 1208 3666 sive
1236 3603 1289 3684 ‚in

181 3726 342 3734 --—-———

25 3834 33 3849 ⁹
154 3728 180 3732 -
221 3775 247 3840 1)
264 3772 294 3826 L.
313 3772 342 3824 1.
362 3768 394 3821 H.
414 3769 441 3834 1,
460 3768 518 3822 296.
537 3767 635 3822 661116.
655 3799 688 3808 -
705 3771 732 3838 2)
749 3770 906 3839 M.R.S.L
925 3772 948 3824 9.
967 3771 1065 3826 adab.
1084 3799 1117 3812 ..
1135 3773 1161 3840 3)
1178 3772 1231 3827 Cic.
1250 3773 1288 3828 de

152 3858 249 3923 diull,
267 3853 560 3924 36.-4)M.R.S.I‚
578 3855 602 3907 9.
621 3855 1123 3925 611,4.-5)61.1161.Μ61.Ι,12.
1142 3858 1287 3925 ust-

151 3944 221 3998 Plut.
239 3943 298 3999 Tib.
317 3943 361 3998 Gr.
381 3941 421 3995 17.
458 3940 506 3993 Iul.
525 3940 587 3995 Obs.
606 3939 647 3993 24.
667 3971 699 3980 -
718 3942 744 4010 6)
761 3942 795 3996 de
812 3944 947 4012 spectione
966 3951 993 3999 et
1010 3944 1182 3999 nuntiatione
1200 3960 1225 4013 p.
1242 3946 1285 3999 13,

152 4029 272 4084 661132.
