2880 4710
729 214 768 276 38

187 409 325 470 tonante
347 401 404 490 [se.
428 401 558 469 comitia
580 402 692 488 populi
715 403 835 467 habere
857 399 962 488 nefas]
986 400 1097 466 dicunt
1118 401 1204 468 enim
1227 403 1321 469 eaelo

188 505 333 592 fulgente
354 511 496 572 tonante.

274 608 350 675 adn.
396 628 439 674 cr.
483 607 628 695 fulgente
672 615 703 675 et
746 612 878 675 tonante
917 607 953 674 Β.
996 608 1100 674 iovem
1144 607 1322 695 fulgentem
1425 614 1428 619 “

188 717 355 779 tonantem
377 712 414 778 P.

275 815 315 882 of.
338 817 375 881 R.
399 815 438 882 U.
463 815 512 879 75.
549 814 586 880 B.
609 815 651 882 Μ.
674 814 717 900 ΙΙ,
741 816 770 880 3.
789 815 838 879 76.
862 812 938 880 adn.
955 816 1027 880 276.
1065 815 1106 881 M.
1130 815 1166 879 R.
1190 814 1223 881 S.
1239 816 1266 900 Ι,
1290 820 1321 882 4.

188 938 255 1003 seq.
284 958 326 967 —
356 919 510 1005 Supplevi
540 917 601 984 boc
630 917 746 1004 fragm.
778 937 818 984 ex
847 916 1084 986 commentariis
1113 919 1324 1001 auguralibus

188 1041 268 1107 quos
297 1022 410 1089 laudat
438 1021 552 1089 Cicero
582 1020 624 1087 de
654 1022 718 1087 div.
746 1021 869 1106 ll‚18·.
897 1023 965 1086 42:
1002 1021 1111 1105 itaque
1139 1021 1173 1086 in
1203 1022 1325 1104 nostris

189 1125 426 1192 commentariis
454 1118 607 1210 scriptum
636 1123 810 1190 habemus:
848 1124 946 1208 ,Jove
973 1129 1104 1189 tonante
1139 1124 1324 1211 fulgurante

188 1228 319 1295 comitia
340 1227 452 1313 populi
474 1228 594 1313 habere
621 1228 735 1294 nefas!
779 1226 818 1294 cf.
848 1248 893 1309 or.
916 1225 998 1292 Phil.
1021 1226 1059 1310 V,
1083 1227 1111 1291 3.
1136 1230 1165 1293 7.
1191 1229 1225 1293 in
1247 1229 1322 1300 ilat.

187 1332 273 1415 VHl,
289 1332 340 1397 20.
385 1329 451 1396 Cic.
475 1329 516 1396 de
539 1328 602 1396 div.
617 1331 658 1416 ll,
676 1331 725 1395 18.
743 1331 808 1414 43.;
832 1331 883 1403 35.
901 1332 950 1394 74.
994 1329 1088 1407 Quod
1110 1349 1185 1396 vero
1208 1330 1324 1399 Cicero

45 1496 50 1503 .
188 1435 223 1499 in
253 1432 429 1499 Vatiniana
457 1431 542 1498 hunc
572 1452 664 1499 usum
694 1432 737 1499 ad
766 1432 990 1516 antiquissima
1018 1432 1145 1498 Romuli
1175 1439 1325 1519 tempora

77 1586 81 1593 .
188 1536 286 1603 refert
307 1555 438 1623 prorsus
461 1542 546 1602 recte
569 1535 707 1604 iudicat.
741 1538 890 1620 Namque
912 1557 977 1603 non
1004 1525 1106 1602 solum
1133 1556 1173 1602 ex
1194 1539 1324 1604 Romuli

59 1634 62 1641 '
188 1639 385 1724 temporibus
408 1637 467 1706 sed
489 1639 586 1705 etiam
607 1660 646 1706 ex
660 1640 718 1706 illa
733 1645 839 1706 aetate
854 1639 1047 1726 repetendus
1063 1646 1112 1705 est
1127 1660 1189 1724 quc
1205 1640 1325 1709 Graeci

189 1748 221 1809 et
241 1742 316 1808 Itali
338 1742 511 1808 etiamtunc
534 1764 600 1809 una
619 1751 711 1810 erant
726 1742 812 1827 quod
825 1742 902 1808 inde
916 1742 1107 1828 perspicitur
1121 1743 1208 1828 quod
1222 1745 1325 1811 etiam

189 1845 277 1931 apud
299 1845 442 1912 Graecos
464 1845 583 1912 similia
603 1854 779 1932 praecepta
800 1847 834 1912 in
856 1866 916 1912 usu
939 1852 1031 1912 erant
1052 1845 1093 1912 de
1115 1867 1179 1930 qua
1200 1867 1234 1913 re
1256 1849 1325 1914 iarn
1358 1840 1361 1845 ’

188 1948 399 2034 praefationis
422 1949 514 2016 initio
537 1949 733 2037 disputatum
756 1955 805 2015 est
813 1950 849 2034 1).
886 1948 1050 2016 Pertinent
1072 1955 1179 2015 autem
1201 1950 1326 2018 fulmen

189 2057 286 2135 atque
308 2051 429 2118 tonitru
452 2053 494 2118 ad
517 2054 673 2120 caelestia
695 2052 831 2138 auguria
853 2072 937 2136 quae
964 2054 1165 2136 vocantur2).
1209 2054 1327 2139 Neque

63 2146 67 2153 ’
188 2160 298 2221 tamen
321 2161 355 2220 ut
376 2162 463 2222 recte
492 2157 657 2242 perspexit
678 2157 932 2241 Mommsenus³)
960 2156 1063 2222 solum
1090 2155 1198 2241 fulgur
1226 2162 1326 2240 atque
1412 2154 1427 2159 ”

188 2257 308 2325 tonitm
330 2257 413 2324 inter
432 2258 586 2327 caelestia
601 2259 738 2346 auguria
753 2260 1011 2343 numerabantur,
1035 2258 1094 2325 sed
1108 2258 1206 2325 etiam
1220 2259 1327 2326 imber

118 2384 121 2390 ·
190 2367 222 2426 et
256 2359 382 2446 grando
390 2363 418 2445 4)
453 2368 512 2429 etc.
565 2361 727 2430 Caelestia
761 2363 898 2446 auguria
934 2363 975 2428 ab
1013 2362 1189 2448 auguribus
1225 2363 1326 2430 etiam

190 2463 332 2531 maxima
362 2465 654 2552 appellabantur5).
706 2466 855 2549 Denique
892 2485 1043 2532 enumero
1070 2466 1165 2532 locos
1201 2466 1328 2550 aliquot

190 2568 305 2651 quibus
328 2567 397 2634 eius
419 2569 506 2635 modi
528 2570 682 2656 auspiciis
706 2569 837 2637 comitia
850 2569 979 2634 turbata
994 2588 1066 2635 esse
1082 2569 1325 2653 comprobatur:

189 2669 259 2737 Liv.
283 2671 389 2756 XXX,
412 2673 463 2737 39.
508 2672 578 2758 XL,
601 2676 652 2738 42.
698 2673 820 2758 XXIII,
844 2673 894 2737 31.
919 2671 1270 2755 (of.Plut.Marc.12.
1294 2679 1328 2738 et

190 2772 227 2838 R.
243 2773 284 2840 U.
306 2793 338 2858 p.
356 2775 406 2839 69.
430 2782 462 2840 et
483 2775 524 2839 Μ.
539 2776 576 2841 R.
594 2776 626 2842 S.
642 2776 668 2860 I,
691 2795 723 2860 p.
741 2775 770 2842 5.
794 2776 868 2841 adn.
885 2774 931 2861 4.)
950 2774 1020 2840 Val.
1036 2775 1120 2865 Max.
1136 2774 1224 2858 VIII,
1249 2775 1278 2839 1.
1293 2778 1340 2840 4.·

191 2875 298 2955 (aliter
328 2874 393 2943 Cic.
424 2875 465 2943 de
494 2883 560 2944 nat.
591 2877 803 2964 deor.11‚3.
833 2877 877 2962 7.)
921 2877 1028 2944 Etiam
1058 2877 1166 2964 plures
1195 2877 1329 2965 collegit

189 2978 226 3043 B.
250 2978 293 3045 M.
316 2977 362 3062 11,
386 2981 416 3044 3.
441 2980 514 3046 114.
538 2980 613 3047 adn.
637 2981 710 3047 455.
1391 3008 1394 3013 ·

274 3080 405 3167 Fragm.
415 3084 558 3150 XXV=
570 3085 656 3151 Fert.
668 3085 766 3150 333²:
783 3086 910 3166 spectio
925 3082 1055 3169 ponitur
1069 3084 1103 3150 in
1114 3084 1327 3170 auguralibus

107 3214 113 3235 ι
190 3204 250 3269 pro
272 3185 460 3271 aspectione
483 3194 514 3253 et
536 3188 694 3254 nuntiatio
717 3188 794 3271 quia
816 3206 911 3253 omne
933 3187 983 3254 ius
1012 3207 1176 3254 sacrorum
1204 3187 1328 3256 habent

191 3287 366 3372 auguribus
396 3290 519 3375 spectio
550 3290 717 3357 dumtaxat
748 3311 882 3376 quorum
912 3290 1048 3357 consilio
1076 3311 1143 3357 rem
1176 3300 1328 3376 gererent

191 3389 399 3476 magistratus
422 3412 487 3459 non
509 3399 544 3459 ut
565 3400 699 3479 possent
719 3394 876 3479 impedire
905 3392 1084 3460 nuntiando
1113 3414 1328 3479 quaecunque

190 3491 350 3560 vidissent
371 3495 452 3562 satis
475 3496 597 3582 spectio
620 3497 691 3564 sine
712 3497 913 3563 nuntiatione
935 3496 1013 3563 data
1026 3508 1029 3513 '
1042 3503 1091 3564 est
1120 3504 1166 3563 ut'
1179 3497 1243 3584 ipsi
1259 3508 1327 3564 'au-

21 3596 60 3685 ⁸.
191 3595 293 3680 spicio
315 3616 382 3664 rem
404 3606 639 3686 gererentnon
662 3607 696 3667 ut
718 3600 800 3667 alios
823 3598 1017 3686 impedirent
1038 3599 1227 3669 nuntiando.

260 3854 290 3922 1)
308 3854 340 3909 of.
360 3858 503 3924 praeterea
521 3857 552 3913 R.
572 3858 605 3913 U.
624 3858 666 3912 lb.
685 3858 746 3913 adn.
765 3860 788 3912 1.
808 3888 841 3897 -
858 3858 884 3926 2)
903 3858 978 3914 Paul.
998 3857 1038 3912 64.
1063 3886 1096 3897 -
1120 3857 1146 3925 3)
1164 3858 1197 3912 R.
1215 3857 1241 3913 S.
1260 3859 1282 3922 Ι,
1299 3859 1327 3922 4,

111 3948 115 3954 ·
192 3938 253 3994 am.
271 3940 297 3995 a.
315 3969 349 3982 -
366 3940 392 4011 4)
411 3942 443 3997 cf.
463 3943 535 4000 serv.
554 3944 619 4010 vn,
638 3943 696 3999 141.
716 3943 748 3998 a.
767 3942 820 4009 rx,
839 3942 896 3997 cao.
917 3974 949 3983 -
968 3944 994 4010 a>
1012 3943 1084 3998 sav.
1104 3943 1138 4010 11,
1156 3943 1214 3998 aaa.
1250 3942 1326 3999 cass.

194 4024 228 4080 D.
246 4022 404 4095 XXXVIII,
422 4029 462 4084 13.
