2880 4710
691 210 710 272 9

618 300 782 308 m

35 391 39 398 “
140 396 233 482 tur1).
271 396 451 482 Disciplina
474 403 581 463 autem
602 399 739 466 Etrusca
755 418 838 482 quae
852 398 933 464 libro
948 398 1053 466 arium
1069 397 1263 484 imaginibus

139 506 236 583 atque
257 499 366 584 figuris
389 499 539 568 distincto
562 503 715 569 mandata
737 508 820 587 erat,
848 502 946 568 multo
969 503 1076 587 plures
1106 502 1265 586 longeque

140 602 287 670 diversas
317 603 464 670 adhibuit
492 612 573 672 teste
600 606 703 672 Plinio
733 605 767 673 in
796 607 836 672 N.
859 605 900 671 H.
922 605 970 689 X,
1001 605 1125 669 13.17.
1175 604 1266 671 Haec

140 713 246 773 autem
269 706 343 773 ideo
365 707 530 792 praefatus
553 729 623 774 sum
645 714 680 775 ut
700 709 882 795 fragmenta
905 706 1074 793 quaedam,
1100 728 1183 791 quae
1205 709 1265 775 sub

43 833 44 836 ¹
140 811 295 876 Etruscae
324 810 515 896 disciplinae
543 813 671 880 nomine
700 817 843 897 exstant,
880 832 901 880 a
933 811 1023 879 libris
1058 810 1266 897 auguralibus

142 915 358 980 Romanorum
382 914 523 981 arcenda
552 921 649 999 atque
678 915 873 983 removenda
902 934 974 982 esse
1003 915 1266 982 demonstrarem.

140 1016 272 1085 Profero
298 1024 404 1083 autem
427 1018 522 1084 etiam
535 1019 610 1104 alia
631 1019 790 1102 quaedam
813 1039 897 1102 quae
924 1018 1004 1083 mihi
1031 1038 1096 1085 non
1124 1018 1268 1084 curanda
1303 1058 1304 1061 =

142 1139 214 1187 esse
236 1119 392 1188 videntur.
428 1122 590 1187 Permulta
612 1123 697 1210 enim
719 1124 819 1189 verba
834 1122 1003 1188 sollemnia
1018 1120 1061 1186 ad
1075 1121 1267 1206 fulguralem

141 1223 346 1310 disciplinam
367 1225 561 1311 pertinentia
583 1226 786 1292 Etruscorum
809 1225 899 1292 libris
929 1224 1140 1311 fulguralibus
1166 1223 1267 1291 vindi—

142 1327 250 1394 canda
272 1335 344 1394 sunt
367 1329 407 1395 of.
431 1328 505 1394 Sen.
530 1336 651 1411 quaest.
675 1334 739 1395 nat.
763 1329 810 1414 Il,
833 1331 892 1392 49:
930 1347 1030 1413 ‚nunc
1052 1327 1184 1395 nomina
1204 1328 1268 1393 *ful-

141 1450 256 1516 gurum
278 1450 361 1515 quae
383 1431 593 1519 aCaecina2)
615 1438 775 1518 ponuntur
797 1436 908 1518 aperte
924 1430 1118 1517 distinguam
1135 1438 1166 1498 et
1180 1430 1267 1514 quod

141 1534 183 1600 de
205 1535 252 1601 eis
274 1536 411 1601 sentiam
434 1555 602 1621 exponam.
646 1536 698 1601 Ait
720 1555 791 1601 esse
812 1535 1006 1620 postularia,
1033 1534 1147 1618 quibus
1170 1534 1266 1602 sacri·

142 1637 215 1704 ficia
229 1639 411 1705 intermissa
426 1646 481 1706 aut
496 1659 560 1705 non
576 1638 635 1704 rite
649 1639 736 1706 facta
750 1629 944 1724 repetuntur,
965 1638 1137 1704 monitoria
1151 1637 1266 1721 quibus

143 1740 276 1809 docetur
297 1740 375 1824 quid
396 1741 577 1807 cavendum
599 1742 649 1827 sit,
672 1741 826 1828 pestifera
847 1760 930 1824 quae
949 1747 1083 1808 mortem
1098 1741 1267 1807 exiliumve

142 1844 344 1930 portendunt,
367 1843 499 1910 fallacia
521 1864 603 1926 quae
626 1865 682 1931 per
697 1844 835 1930 speciem
852 1844 987 1910 alicuius
1002 1844 1079 1910 boni
1094 1850 1210 1912 nocent
1224 1882 1265 1892 -

142 1953 293 2014 tentanea
315 1967 397 2029 quae
419 1947 560 2032 speciem
575 1947 708 2033 periculi
724 1945 793 2014 sine
808 1947 949 2032 periculo
965 1947 1123 2034 adferunt,
1145 1967 1266 2033 perem-

141 2051 243 2135 ptalia
265 2051 379 2132 quibus
409 2050 560 2116 tolluntur
588 2052 728 2135 priorum
756 2051 924 2116 fulminum
951 2051 1074 2136 minae,
1106 2051 1267 2120 adtestata

143 2173 226 2236 quae
248 2153 407 2238 prioribus
430 2154 649 2238 consentiunt,
678 2154 870 2221 adterranea
892 2174 975 2238 quac
997 2155 1030 2220 in
1060 2156 1148 2221 eluso
1177 2154 1265 2239 fiunt,

143 2258 257 2323 obruta
280 2257 394 2339 quibus
416 2258 481 2322 iam
510 2277 665 2343 pereussa
694 2259 782 2344 prius
811 2278 871 2325 neo
901 2262 1073 2343 procurata
1101 2258 1264 2343 feriuntur,

142 2360 268 2444 regalia
296 2359 441 2443 quorum'
459 2361 492 2426 vi
528 2361 668 2446 tangitur
705 2362 756 2428 vel
794 2360 956 2428 comitium
989 2363 1040 2428 vel
1073 2362 1266 2447 principalia

145 2465 231 2530 urbis
253 2463 373 2532 liberae
395 2464 468 2530 loca
489 2502 531 2513 -
553 2462 680 2530 inferna
703 2484 775 2530 oum
804 2484 844 2530 ex
873 2470 958 2530 terra
987 2465 1138 2530 exsiliunt
1164 2464 1265 2550 ignes,

144 2567 316 2652 hospitalia
346 2586 429 2649 quae
457 2567 623 2634 sacrificiis
653 2566 695 2632 ad
729 2586 788 2633 nos
817 2567 926 2633 Iovem
963 2573 1130 2634 accersunt
1166 2573 1198 2634 et
1232 2573 1266 2632 ut

143 2671 240 2738 verbo
264 2689 372 2737 eorum
395 2671 518 2738 meliori
539 2676 627 2752 utar,
649 2670 802 2755 inritant,
825 2670 994 2736 auxiliaria
1013 2691 1095 2754 quae
1117 2671 1267 2739 invocata

145 2774 203 2841 sed
234 2773 461 2841 advocantium
489 2776 574 2841 bono
611 2774 820 2859 eveniunt‘³).
872 2773 923 2839 Ad
952 2775 1103 2840 Etruscos
1141 2793 1267 2857 quoque

142 2877 242 2943 libros
270 2877 445 2962 fulgurales
474 2897 538 2943 vox
565 2877 769 2961 ‚manubiae‘
798 2877 935 2962 pertinet
968 2885 1049 2944 teste
1078 2876 1189 2944 Servio
1223 2876 1266 2943 ad

142 2981 221 3046 Aen.
245 2981 270 3065 Ι,
293 2982 344 3046 42.
378 2981 490 3063 Neque
511 2989 619 3047 tamen
640 2979 674 3045 id
697 2980 769 3046 dico
791 2980 954 3046 Romanos
977 2999 1115 3065 augures
1138 2980 1266 3047 omnino

144 3084 311 3149 fulminum
334 3078 585 3168 significationes
608 3083 803 3169 neglexisse,
833 3083 1038 3167 quodquam
1068 3084 1184 3151 falsum
1214 3084 1266 3167 sit,

142 3207 183 3252 ex
204 3186 284 3274 ipsis
306 3186 495 3272 fragmentis
517 3187 668 3254 librorum
690 3187 892 3272 auguralium
905 3194 1064 3274 apparet,
1087 3186 1144 3253 sed
1166 3187 1265 3253 multo

142 3290 338 3376 simpliciora
360 3296 533 3376 praecepta
555 3310 610 3357 eos
633 3289 805 3357 tradidisse
827 3310 1018 3376 persuasum
1039 3291 1145 3357 babeo
1169 3309 1265 3374 quam

143 3401 177 3459 ut
203 3413 242 3460 ex
272 3394 408 3460 Etrusca
438 3393 611 3479 disciplina
640 3394 733 3461 nobis
763 3393 806 3459 ad
835 3392 919 3460 hune
947 3394 1091 3461 libellum
1119 3393 1265 3461 subsidia

141 3495 282 3582 petenda
310 3497 383 3563 sint.
435 3497 470 3563 Si
498 3497 579 3564 forte
609 3497 679 3581 quis
710 3503 773 3582 est,
807 3497 860 3582 qui
890 3499 1044 3565 Etruscae
1073 3496 1265 3582 disciplinae

143 3601 332 3667 immensam
360 3600 394 3666 in
422 3601 483 3667 hoc
512 3620 630 3686 genere
658 3595 828 3686 ambagem
857 3609 891 3667 ut
919 3621 991 3668 curn
1019 3600 1124 3666 Plinio
1152 3600 1265 3683 loquar

142 3723 238 3772 nosse
266 3705 343 3770 velit
372 3703 468 3770 adeat
503 3703 665 3792 ἐφήμερον
700 3709 958 3788 βροντοσκοπίαν
991 3725 1084 3788 quarn
1114 3702 1264 3788 Nigidius

211 3945 235 4011 1)
254 3944 307 3999 Cic.
326 3944 359 4000 de
375 3944 425 4000 div.
444 3945 478 4010 ΙΙ,
491 3945 532 3999 36.
545 3944 587 3999 ld.
622 3945 718 4000 Festus
736 3945 793 3999 197.
806 3944 843 4000 Μ.
862 3976 896 3986 -
913 3946 938 4012 2)
956 3944 988 4000 cl.
1006 3945 1066 4002 adn.
1079 3945 1103 3999 4.
1121 3959 1180 4014 pag.
1193 3945 1217 3998 8.
1231 3975 1263 3983 -

140 4032 167 4100 3)
186 4028 218 4085 cf.
236 4029 308 4087 Fest.
327 4030 385 4085 210.
404 4029 462 4086 245.
481 4030 539 4085 214.
