2880 4710
647 233 813 330 „2⁹³⁷

150 417 307 520 μνημασι
329 417 469 499 ἐντυχών
490 409 584 500 εὗρεν
606 413 802 503 ἠγνοημένον
824 414 878 501 ὑφ’
895 414 996 484 αὑτοῦ
1010 444 1041 485 τι
1055 427 1120 486 των
1135 430 1289 506 πατριων.

154 521 206 585 Ην
236 523 273 587 us
302 525 465 587 τοσοῦτον.
496 513 575 585 ὅταν
605 515 713 604 ἄρχων
746 524 795 586 ἐπ’
834 516 938 604 ὄρνισι
974 523 1196 607 καθεζόμενος
1232 526 1292 597 ἐ’ξω

155 622 285 697 πόλεως
306 625 387 704 ἔχων
409 618 540 702 οἶκονῆ
562 621 683 710 σκηνήν
705 619 1003 710 μεμισθωμένην’
985 633 1041 690 εντ’
1069 629 1175 701 αἰτίας
1204 629 1290 703 τινὸς

157 720 358 818 ἀναγκασθῇ
379 725 479 811 μήπω
502 724 676 808 γεγονότων
699 732 840 810 σημείων
860 733 1009 809 βεβαίων
1030 731 1291 805 tauretunensis

156 822 302 895 πόλιν’
279 839 414 913 austum
436 833 529 951 ἐχρῆν
550 826 586 893 τὸ
609 834 930 950 προμεμισθωμένον
952 832 1069 917 οἴκημα
1091 837 1146 896 καὶ
1174 834 1291 914 λαβεῖν

156 935 268 1029 ἕτερον
286 924 380 1003 ἐξ
341 956 379 998 ον
402 930 577 1016 ποιήσεται
598 930 657 1015 τὴν
685 936 773 996 θέαν
802 920 902 1006 αὖθις
931 929 1010 1004 ὲξ“
993 940 1150 1022 νπαρχῆς.
1199 941 1288 1002 Τοῦτ’

156 1023 327 1100 staua
303 1059 346 1108 ως
368 1038 449 1100 1εὀικε
478 1033 535 1099 τὸν
560 1039 709 1117 Τιβέριον
736 1039 790 1098 καὶ
819 1038 868 1109 δὶς
895 1042 941 1120 τῶ
970 1031 1060 1120 alitur
1086 1036 1291 1122 χρησάμενος

157 1131 309 1208 απέδειξε
329 1137 404 1212 τοὺς
425 1140 610 1222 εἰρημένους
633 1130 803 1220 ἄνδραςί
787 1162 940 1212 οπατονς.
971 1160 1105 1224 νοτερον
1134 1143 1170 1206 δὲ
1197 1140 1290 1222 γνοὺς

156 1240 216 1325 τὴν
238 1235 404 1324 ἁμαρτίαν
427 1234 580 1326 οἷνήνεγκε
602 1237 684 1324 πρὸς
713 1239 771 1324 τὴν
801 1239 996 1325 σύγκλητον]
1039 1242 1153 1325 Neque
1180 1248 1290 1309 tamen

155 1344 203 1410 ita
225 1349 364 1410 statuere
393 1341 546 1408 debemus
569 1327 774 1408 Plutarchum
802 1342 888 1408 falsa
917 1343 1100 1410 tradidisse.
1145 1344 1211 1411 Sed
1239 1366 1291 1412 res

156 1447 204 1513 ita
230 1447 337 1532 petius
365 1465 401 1511 se
428 1443 527 1510 habet
554 1451 588 1510 ut
610 1444 800 1510 Plutarchus
829 1465 901 1511 eum
932 1447 1154 1513 auctoritatem
1177 1449 1291 1514 Roma·

158 1568 271 1615 norum
292 1554 424 1633 *secutus
447 1548 489 1614 sit
510 1547 641 1614 minime
665 1548 917 1614 contemnendus
940 1567 1011 1615 esse
1033 1548 1192 1616 videatur.
1228 1550 1291 1617 Ita-

158 1671 221 1735 que
243 1671 309 1719 rem
332 1652 379 1718 ita
401 1651 554 1717 facillime
577 1649 785 1735 expediemus
815 1658 850 1717 ut
877 1657 1044 1734 utrumque
1074 1653 1290 1719 testimenium

158 1756 392 1841 coniungamus
414 1760 684 1841 praeceptumque
707 1753 774 1819 fere
803 1754 869 1820 tale
897 1754 930 1818 in
960 1754 1050 1819 libris
1080 1755 1289 1840 auguralibus

68 1927 74 1936 ,
155 1858 258 1924 fuisse
279 1876 470 1942 persuasum
492 1857 685 1923 habeamus:
723 1856 772 1940 ‚Si
795 1856 909 1923 consul
932 1878 1003 1922 eum
1031 1857 1162 1924 comitia
1190 1860 1290 1946 magi-

156 1959 310 2026 stratibus
340 1959 494 2044 rogandis
532 1958 700 2025 habiturus
738 1966 787 2025 est
822 1959 1065 2027 tabernaculum
1102 1962 1221 2046 ceperit
1258 1970 1290 2028 et

71 2090 76 2095 ·
156 2070 328 2145 antequam
353 2070 440 2129 certa
463 2064 557 2147 signa
579 2062 719 2147 spexerit
740 2063 773 2127 in
797 2064 908 2128 urbem
930 2063 1060 2130 redierit
1074 2064 1108 2129 in
1118 2063 1288 2132 ,redeunde

155 2187 229 2232 cum
250 2165 427 2250 pomerium
448 2166 564 2232 transit
586 2163 750 2250 auspicari
772 2185 844 2231 eum
867 2172 993 2251 eportet
1014 2165 1110 2233 mode
1133 2165 1176 2232 ad
1203 2167 1289 2233 idem

155 2268 400 2336 tabernaculum
430 2274 620 2351 revertatur3
658 2268 707 2333 sin
745 2269 849 2334 minus
884 2269 1070 2355 auspicatus
1105 2270 1165 2336 erit
1200 2269 1288 2334 aliud

154 2371 397 2439 tabernaculum
413 2391 529 2456 capere
545 2391 616 2436 eum
631 2373 777 2455 eportet!
792 2410 833 2418 —
848 2371 922 2438 Nun
937 2372 1022 2437 male
1036 2372 1289 2453 Mommsenus1)

156 2496 197 2544 ea
219 2476 366 2561 auspicia
386 2474 501 2557 quibus
517 2474 566 2540 ui.
584 2472 731 2541 Graccho
755 2493 835 2558 epus
851 2474 956 2539 luerat
969 2473 1136 2559 peremnia
1144 2475 1170 2557 2)
1187 2474 1288 2540 fuisse

155 2587 267 2646 censet
289 2583 417 2645 secutus
440 2577 571 2642 Festum
594 2579 665 2642 250.
690 2597 716 2642 s.
739 2598 769 2641 u.
792 2575 953 2641 Petronia.
1385 2651 1387 2655 ¹

242 2681 371 2765 Fragm.
395 2680 475 2745 XXI
498 2712 539 2733 =
563 2680 665 2746 Varro
692 2680 728 2745 L.
758 2680 794 2744 L.
818 2679 894 2764 VII,
923 2680 992 2744 51.:
1029 2679 1101 2745 lihri
1130 2698 1287 2763 augurum

154 2806 214 2871 pre
237 2789 428 2870 tempestate
449 2789 684 2864 tempestutem
706 2781 818 2848 ulcunt
847 2801 1029 2867 supremum
1058 2781 1185 2868 augurii
1212 2788 1287 2847 tem-

154 2888 238 2975 pus!
268 2925 309 2934 —
339 2887 483 2971 Apparet
513 2905 553 2951 ex
583 2884 644 2951 hoc
674 2886 915 2971 apespasmatio
943 2885 1134 2972 auspicandi
1162 2891 1286 2970 tempus

154 2990 257 3056 fuisse
278 2989 312 3054 in
336 2988 515 3073 complures
537 2993 646 3073 partes
669 2988 816 3055 divisum.

240 3093 371 3176 Fragm.
400 3091 497 3156 XXII
526 3123 567 3145 ==
596 3091 639 3157 ih.
663 3092 701 3176 V,
730 3093 796 3156 hi:
833 3096 919 3157 terra
947 3090 980 3156 in
1010 3109 1166 3178 augurum
1196 3090 1287 3156 libris

154 3196 308 3281 scriptum
332 3214 403 3260 cum
424 3215 441 3259 r
462 3213 526 3259 une
548 3200 630 3262 tera.

240 3298 371 3382 Fragm.
394 3298 507 3362 XXIII
529 3327 569 3352 =
593 3297 679 3363 Fest.
705 3297 791 3363 ltu:
827 3299 960 3379 negritu
981 3295 1015 3360 in
1037 3295 1167 3382 auguris
1190 3295 1287 3380 signi-

152 3402 230 3468 ficat
251 3399 429 3487 aegritudo.
461 3457 464 3462 .

283 3572 319 3636 B.
343 3571 540 3659 Fragmenta
562 3571 677 3637 adius
699 3548 861 3656 publicum
885 3569 1065 3638 referenda.

242 3709 372 3794 Fragm.
395 3708 504 3774 XXIV
527 3740 566 3761 =
591 3707 655 3774 Cic.
681 3707 722 3773 de
744 3713 810 3773 nat.
839 3707 927 3774 deur.
951 3709 997 3793 II,
1022 3708 1072 3773 25.
1097 3709 1162 3773 hh:
1201 3707 1284 3774 hune

154 3811 299 3896 (Iovem)
329 3810 425 3877 etiam
462 3831 600 3895 augures
637 3810 738 3878 nestri
774 3830 845 3877 cum
883 3810 994 3876 dieunt
1021 3814 1103 3877 que
1138 3813 1285 3894 fulgente

152 3953 363 3962 ...—.-.-.--

223 4034 249 4102 1)
267 4034 297 4088 R.
318 4033 343 4088 S.
363 4032 523 4098 1‚22.a1n.
542 4035 566 4091 5.
585 4064 619 4074 -
636 4036 663 4105 2)
681 4033 712 4090 cf.
733 4034 816 4090 infra:
836 4033 974 4106 peremnia
991 4033 1117 4104 auspicia.
