2880 4710
248 395 378 478 Fragm.
402 393 480 458 XIX
502 422 545 447 ==
567 393 655 461 Serv.
680 393 722 460 ad
746 395 825 459 Aen.
848 393 915 478 111,
938 394 1026 458 537.:
1057 413 1136 461 sane
1158 393 1300 479 figurate

161 518 261 582 equos
284 516 388 563 omen.
411 495 541 563 diversa
563 496 647 563 enim
670 496 904 582 significatione
926 494 960 559 id
984 517 1077 563 omen
1100 497 1191 564 dixit.
1229 497 1298 566 Sed

161 600 252 667 multi
281 600 323 666 de
351 599 442 665 libris
473 619 630 684 augurum
660 606 796 665 tractum
830 599 976 665 tradunt:
1014 602 1091 683 iuge
1124 600 1211 666 enim
1250 602 1298 668 eis

161 704 278 770 dicitur
299 705 478 785 augurium
500 701 586 786 quod
609 723 649 768 ex
671 702 787 769 iunctis
809 702 960 768 iumentis
987 701 1052 766 fiat.
1098 701 1299 771 Observatnr

162 807 245 873 enim
276 825 318 872 ne
347 805 512 891 prodituro
542 805 745 890 magistratui
775 804 944 871 disiunctis
978 804 1081 870 bobus
1115 806 1299 891 plaustrum

161 908 313 976 obveniat
343 959 350 973 .
382 961 389 976 .
420 957 428 972 .
460 908 539 973 Cum
562 915 668 974 autem
692 906 771 975 dicit
792 908 867 994 iugo
890 927 1001 973 veram
1024 907 1298 993 significationem

160 1012 278 1098 lugetis
300 1011 390 1078 facit.
624 1086 627 1091 ⁸

246 1115 287 1181 cs.
304 1113 395 1180 Paul.
413 1116 479 1178 77.:
502 1114 594 1199 iuges
617 1113 795 1199 auspicium
818 1121 868 1180 est
890 1133 985 1196 quum
1009 1113 1151 1179 iunctum
1172 1113 1299 1180 iumen·

159 1223 226 1283 tum
249 1225 371 1284 stercus
399 1215 485 1285 fecit.
531 1216 572 1282 cf.
596 1214 662 1282 Cio.
692 1215 732 1282 de
763 1216 859 1282 divin.
883 1217 931 1302 ΙΙ,
955 1219 1006 1282 36.
1032 1219 1081 1283 77.
1125 1216 1185 1283 Ηίε
1214 1216 1299 1284 Ιοοίε

160 1321 242 1387 inter
271 1339 306 1386 se
336 1318 532 1405 comparatis
563 1325 659 1401 atque
689 1319 825 1385 conlatis
855 1319 952 1386 facile
987 1325 1123 1404 apparet
1156 1318 1298 1385 formam

160 1424 269 1506 ‚iuge‘
300 1441 384 1505 quae
415 1428 520 1487 exstat
549 1421 637 1507 apud
667 1441 765 1487 unum
794 1422 976 1507 Servium1)
1013 1440 1085 1489 oum
1121 1420 1218 1488 facile
1256 1442 1300 1488 ex

160 1525 284 1610 ,iuges‘
307 1525 383 1591 oriri
404 1525 543 1610 potnerit
565 1524 768 1591 abiciendam
798 1544 880 1592 esse.
924 1525 1073 1607 Denique
1103 1523 1190 1607 quod
1210 1525 1298 1591 Mez-

159 1627 292 1712 gerus2)
315 1626 349 1692 in
371 1628 443 1693 loco
467 1626 568 1694 Cicer.
591 1626 647 1713 (de
669 1626 732 1694 div.
755 1628 798 1712 Π,
822 1629 873 1692 36.
900 1628 965 1710 77.)
988 1625 1229 1713 interpretando
1255 1627 1298 1694 de

159 1729 309 1795 iumentis
332 1750 353 1794 a
381 1731 524 1816 plaustro
553 1729 718 1796 solvendis
747 1730 868 1816 cogitat
897 1728 1045 1813 qnodque
1073 1735 1174 1796 totum
1202 1750 1299 1816 prae

160 1824 298 1918 ceptum
318 1832 361 1898 ad
390 1833 603 1900 iumentorum
640 1835 775 1899 salutern
812 1833 973 1918 pertinere
1010 1838 1120 1898 censet
1156 1831 1297 1899 alterum

158 1956 269 2002 verum
292 1957 357 2002 non
380 1939 464 2019 est⁸)
487 1937 622 2003 alterum
645 1936 751 2021 magis
774 1935 883 2020 posuit
905 1956 1002 2018 quam
1024 1935 1182 2022 probavit.

244 2038 374 2124 Pragm.
390 2039 453 2103 XX
476 2071 516 2092 =
539 2038 604 2105 Cic.
629 2038 670 2104 de
692 2045 757 2104 nat.
780 2037 868 2105 deor.
885 2038 926 2122 ΙΙ,
948 2038 1064 2104 4.11.:
1087 2044 1162 2123 post
1183 2043 1296 2104 autem

159 2161 177 2207 e
199 2140 366 2226 provincia
389 2140 512 2205 litteras
535 2139 578 2205 ad
602 2140 773 2225 collegium
801 2141 888 2207 misit
914 2140 977 2227 (Pi.
1001 2139 1225 2228 Sempronius)
1258 2160 1296 2207 se

158 2263 229 2310 cum
252 2244 374 2329 legeret
395 2242 494 2308 libros
518 2243 719 2309 recordatum
747 2264 819 2310 esse
848 2243 926 2309 vitio
956 2243 1018 2309 sibi
1046 2242 1294 2310 tabernaculum

157 2355 286 2433 captum
308 2345 407 2413 luisse
430 2345 539 2412 hortos
562 2345 723 2431 Scipionis
753 2346 840 2429 quod
868 2365 940 2412 cum
969 2346 1146 2431 pomerium
1175 2352 1296 2431 postea

156 2451 308 2517 intrasset
343 2448 485 2515 habendi
521 2455 651 2517 senatus
688 2469 788 2516 causa
823 2448 856 2514 in
891 2446 1056 2514 redeundo
1093 2469 1166 2516 oum
1203 2448 1295 2516 idem

156 2552 334 2639 pomerium
356 2552 508 2619 transiret
530 2552 692 2639 auspicari
714 2558 800 2620 esset
816 2549 932 2618 oblitus
947 2551 1056 2634 itaque
1071 2552 1147 2619 vitio
1164 2558 1295 2620 creatos

156 2656 307 2723 consules
331 2674 412 2722 esse.

242 2757 317 2824 adn.
356 2778 399 2823 cr.
437 2758 537 2825 verba
573 2757 698 2842 ‚hortos
735 2757 912 2842 Scipionis‘
950 2766 1035 2827 recte
1071 2760 1292 2829 Mommsenus

155 2863 191 2929 R.
215 2860 248 2927 S.
271 2862 297 2945 Ι,
320 2862 371 2927 28.
394 2858 469 2924 adn.
492 2862 521 2925 2.
545 2858 700 2928 defendit.

241 2962 337 3042 Quod
358 2963 498 3047 pertinet
519 2961 562 3028 ad
584 2983 650 3030 rem
674 2963 715 3029 ol.
740 2964 780 3031 de
802 2964 867 3031 div.
890 2966 916 3051 1,
941 2967 989 3031 17.
1013 2969 1063 3035 33.
1093 2968 1136 3053 ΙΙ,
1160 2968 1211 3034 35.
1235 2970 1290 3035 74.

155 3066 198 3132 ad
228 3066 289 3145 Qu.
319 3064 357 3131 lt.
388 3065 435 3151 Π,
466 3068 495 3131 2.
528 3069 556 3132 1.
600 3067 670 3134 Val.
700 3069 785 3133 Max.
815 3068 848 3153 1,
879 3069 907 3134 1.
939 3070 967 3133 3.
1020 3070 1129 3137 Victor
1157 3069 1198 3136 de
1227 3071 1290 3138 vir.

153 3169 198 3238 ill.
221 3172 273 3234 44.
325 3167 438 3235 Paullo
467 3167 560 3235 aliter
590 3189 655 3235 rern
685 3177 796 3237 narrat
825 3171 1014 3238 Plutarchus
1045 3173 1079 3238 in
1108 3174 1208 3239 Marc.
1232 3174 1289 3240 V.:

154 3279 314 3357 ,Τιβέριος
336 3261 394 3337 οὖν
409 3270 620 3355 Σεμπρώνιος
643 3267 725 3360 ἀνὴρ
743 3277 784 3338 δι’
802 3267 957 3358 οἷνδρείαν
970 3281 1025 3339 καί
1039 3268 1291 3358 καλοκάγαθίαν

154 3369 285 3449 οὐδενὸς
306 3367 402 3459 ἧττον
431 3369 617 3459 ἀγαπηθείς
649 3369 713 3457 ὑπὸ
740 3370 901 3460 Ῥωμαίων
931 3373 1083 3450 α’πέδειξε
1111 3388 1173 3463 μὲν
1200 3373 1289 3443 ὑπα-

152 3477 255 3543 τεύων
278 3476 448 3558 διαδόχους
471 3484 644 3563 Σκηπίωνα
667 3485 820 3544 Νασικᾶν
841 3485 896 3544 καί
917 3480 1015 3546 Γάϊον
1036 3481 1192 3565 Μάρκιον.
1220 3478 1285 3569 ἤδη

153 3584 182 3645 δ’
205 3580 343 3664 ἐχόντων
366 3572 473 3645 αὐτῶν
495 3585 655 3669 ἐπαρχίας
676 3587 730 3646 καί
752 3581 981 3667 στρατεύματα
1009 3586 1177 3668 ἱερατικοῖς
1208 3579 1289 3649 ὑπο-

84 3908 87 3913 ,
222 3838 249 3894 ll
266 3851 299 3891 ac
316 3851 350 3892 ne
367 3836 445 3893 facile
462 3836 535 3907 apud
552 3851 613 3893 enm
631 3836 738 3907 quidem
756 3838 788 3895 os.
807 3838 920 3910 ,iugetis‘
938 3840 1009 3909 quod
1027 3840 1108 3897 habet
1126 3843 1154 3897 in
1171 3842 1232 3896 fine.
1252 3870 1287 3884 —-

151 3923 178 3992 2)
202 3923 231 3976 in
255 3922 354 3992 encycl.
378 3923 470 3993 Pauly.
489 3924 531 3989 ΙΙ,
550 3923 625 3978 1174.
650 3956 682 3966 —
707 3926 733 3994 3)
757 3926 883 3981 iubentur
909 3928 979 3981 enim
1003 3928 1122 3983 iumenta
1145 3929 1287 3997 diiungcre

152 4024 207 4063 non
224 4009 335 4063 solvere.
