2880 4710
693 246 734 311 18

633 336 797 344 ——-

240 434 314 500 adn.
357 433 526 500 Almonem
548 454 606 518 pro
626 438 824 502 Anemonem
845 434 973 519 scripsit
994 435 1140 503 Ursinus.
1181 438 1278 502 Anio

154 560 228 606 nem
242 536 456 604 Heindorlius.
471 537 671 605 Anemonem
685 559 797 605 omnes
809 539 902 604 codd.
913 577 956 585 —-
966 539 1130 606 Nodinum
1141 542 1280 607 correxit

157 662 196 707 ex
211 642 352 707 Nonium
373 641 400 705 B
421 673 463 694 =
486 641 577 707 Leid.
600 645 652 709 86.
989 720 992 725 .

239 744 280 810 ci.
303 743 545 810 Ambrosclrium
568 745 631 829 ,die
652 745 939 830 Religionsbdoher
960 746 1156 813 derRttmer.
1185 748 1277 813 Bonu

155 849 259 913 1843.ι
280 869 313 932 p.
327 849 380 911 40.
425 846 519 925 Quod
540 847 574 912 iu
595 849 711 934 fragm.
731 849 796 913 IIIb
816 849 943 914 'liberis
964 849 1277 916 coluber-flexuosus

153 952 335 1037 appellatur
356 950 397 1016 cf.
419 950 508 1016 Serv.
531 952 611 1016 Aen.
627 953 712 1036 VIII,
736 953 787 1017 63.

238 1053 369 1141 Fragm.
392 1053 437 1120 IV
457 1085 500 1109 =
522 1055 608 1120 Fece
633 1057 710 1121 161:
747 1058 926 1137 larspedis
946 1056 1016 1122 sive
1037 1057 1107 1123 siue
1132 1056 1239 1123 littera
1262 1079 1278 1122 r

152 1161 312 1240 tlaspodts
340 1158 374 1222 iu
402 1158 589 1241 precatione
615 1158 838 1224 solitaurilium
866 1160 980 1241 (Turn.
1003 1159 1089 1224 Scal.
1117 1161 1190 1226 Urs.
1220 1160 1278 1224 im·

152 1262 326 1347 precaticie
347 1259 444 1326 solita
464 1261 595 1326 vallium
624 1260 735 1344 codd.)
765 1260 843 1344 quid
872 1263 1032 1346 significet
1060 1284 1102 1329 ue
1123 1264 1280 1328 Messalla

152 1364 281 1447 quidem
317 1382 420 1448 augur
461 1366 495 1429 in
539 1364 764 1450 explanatione
808 1368 1014 1452 auguriorum
1057 1368 1197 1460 reperire
1240 1387 1277 1432 se

153 1468 296 1552 potuisse
317 1466 372 1532 ait

237 1570 278 1636 ci.
301 1571 404 1636 Varro
426 1569 467 1636 de
488 1570 566 1656 ling.
588 1571 658 1636 Lat
680 1573 727 1655 X,
750 1572 802 1637 63.
829 1572 919 1655 11111,
942 1574 993 1636 33.
1015 1575 1067 1637 49.

240 1673 414 1758 Frang
435 1705 476 1727 =
498 1672 600 1739 Varro
623 1673 664 1739 de
684 1674 706 1739 1.
728 1664 852 1758 Lat),
875 1676 932 1739 58:
961 1674 1048 1740 ethi
1069 1683 1129 1755 (sc.
1153 1676 1278 1741 caelum

153 1785 186 1844 et
205 1784 291 1843 terra
310 1776 380 1843 sive
401 1774 559 1842 Saturnus
581 1784 614 1842 et
634 1775 716 1862 Ops)
742 1797 823 1860 quos
851 1798 1008 1862 augurum
1036 1778 1109 1842 libri
1138 1779 1277 1864 scriptos

152 1880 274 1946 habent
294 1880 343 1946 sio
368 1883 433 1946 divi
459 1884 518 1963 331
545 1888 641 1962 potes
668 1901 727 1965 pro
757 1881 811 1945 illo
841 1881 926 1964 quod
948 1879 1175 1948 Samothraces
1203 1891 1279 1950 cent

156 1987 298 2049 duraret.

239 2086 313 2151 363.
330 2106 388 2150 cn:
412 2085 465 2152 dei
486 2086 541 2168 qui
562 2085 656 2152 codd.
679 2093 714 2152 ut
734 2085 860 2153 videtur
874 2106 1067 2170 quamquam
1083 2088 1278 2175 Spengelius

154 2190 201 2255 dii
222 2209 262 2255 ex
283 2191 370 2275 vulg.
392 2187 530 2255 retinuit

237 2292 298 2358 His
312 2290 465 2357 subsidiis
487 2291 632 2358 instructi
654 2293 697 2358 ad
718 2293 824 2359 locum
835 2292 968 2376 Vergilii
989 2294 1143 2360 accedere
1164 2316 1278 2380 possu-

151 2416 223 2487 ”W
244 2414 339 2481 quem
353 2395 483 2461 Servius
506 2395 549 2461 ad
570 2397 756 2482 auguralem
778 2396 983 2482 disciplinam
998 2397 1102 2463 refert.
1138 2399 1278 2468 Exstant

152 2501 237 2566 enim
259 2500 293 2565 iu
306 2499 388 2566 Aen.
403 2498 476 2584 XII,
499 2521 549 2565 vv.
567 2500 638 2565 116.
654 2520 724 2584 sqq.
747 2500 827 2566 haec
846 2501 957 2566 verba:
979 2506 1047 2565 tum
1061 2502 1133 2585 pius
1147 2503 1279 2572 Aeneas

152 2603 262 2669 stricto
284 2603 331 2669 sio
354 2622 432 2669 3333
452 2610 601 2690 precatur

259 2707 338 2773 Ilsto
360 2726 445 2772 nunc
467 2706 524 2772 Sol
545 2708 636 2773 testis
658 2715 691 2772 et
711 2705 791 2773 haec
805 2706 893 2772 -mihi
914 2713 999 2772 terra
1020 2708 1165 2792 precanti

259 2810 365 2889 Quam
384 2816 515 2895 propter
536 2816 642 2877 tantos
664 2810 754 2895 potui
775 2809 915 2895 perferre
937 2810 1065 2876 labores

258 2914 300 2978 Et
321 2918 414 2997 pater
435 2912 637 2997 omnipotens
659 2922 692 2978 et
712 2919 746 2978 tu
768 2913 920 2978 Saturnia
942 2913 1022 2978 1333

257 3017 327 3082 Iam
349 3015 461 3082 melior
481 3015 547 3080 iam
570 3017 645 3083 diva
664 3037 779 3104 precor
799 3023 895 3099 tuque
917 3015 1025 3082 inclite
1046 3017 1175 3085 Mavors

259 3120 383 3187 Cuncta
405 3126 459 3186 tuo
482 3118 535 3203 qui
556 3119 642 3186 bella
662 3125 755 3205 pater
776 3119 835 3186 sub
858 3118 987 3185 numine
1008 3125 1137 3203 torques

258 3225 439 3308 Fontesque
459 3223 638 3306 fluviosque
659 3244 739 3290 voco
762 3242 908 3305 quaeque
930 3222 1068 3289 aetheris
1090 3226 1146 3291 alti

260 3327 385 3412 Religio
408 3336 440 3394 et
461 3347 545 3410 quae
567 3327 715 3394 caeruleo
737 3332 812 3392 suut
833 3326 965 3392 numina
985 3333 1094 3412 ponto.

237 3431 289 3497 Ad
304 3430 363 3497 hos
377 3451 489 3498 versus
498 3429 627 3497 Servius
642 3429 723 3496 haee
738 3429 918 3496 adnotavit:
935 3437 977 3513 ,et
990 3428 1052 3496 hoc
1066 3451 1124 3516 per
1135 3434 1276 3520 speciem

151 3535 277 3621 augurii
306 3554 390 3617 quae
418 3533 576 3620 ,precatio
605 3534 762 3600 maxima‘
791 3533 972 3619 appellatur
1009 3532 1095 3600 dicit.
1131 3539 1276 3621 precatio

152 3648 258 3706 autem
280 3638 423 3704 maxima
441 3645 490 3704 est
505 3658 600 3722 quum
614 3639 721 3723 plures
737 3637 816 3704 deos
831 3657 928 3720 quam
949 3637 983 3702 iu
999 3639 1114 3703 ceteris
1128 3642 1276 3724 partibus

151 3743 355 3829 auguriorum
383 3748 532 3826 precatur
561 3747 756 3825 eventusque
785 3741 832 3806 rei
860 3742 964 3808 bonae
997 3742 1141 3826 poscitur
1174 3750 1208 3809 ut
1241 3745 1276 3810 in

150 3846 265 3912 melius
286 3845 396 3911 iuvent
418 3844 503 3927 quod
524 3843 575 3910 his
602 3845 749 3911 versibus
776 3844 971 3912 ostenditur!
1014 3844 1109 3912 Dicet
1137 3848 1276 3914 fortasse

152 3949 311 4034 quispiam
333 3947 392 4014 hos
415 3948 617 4032 Vergilianos
638 3968 750 4015 versus
777 3970 816 4015 ex
838 3949 969 4014 Homeri
992 3947 1093 4015 111363
1122 3969 1193 4016 3333
1222 3951 1276 4017 de-

152 4060 295 4137 33133133
317 4052 371 4118 ubi
394 4051 457 4137 Ill,
480 4053 551 4139 276.
575 4072 645 4136 sqq.
668 4053 749 4119 haec
770 4054 934 4138 leguntur:
