2880 4710
636 219 800 317 L

162 429 262 474 causa
285 407 318 473 id
341 384 531 473 sacrificium
567 408 720 494 augurale
755 407 938 494 peragitur!
989 408 1137 491 Namque
1173 410 1279 491 quoad

159 511 308 595 equidem
331 510 425 577 video
448 512 488 577 de
509 512 693 596 precatione
715 511 760 577 uti
789 517 973 577 avertantur
1001 514 1087 577 mala
1116 511 1156 578 de
1185 515 1281 579 sacri·

158 615 293 698 ficioque
316 614 438 680 eadem'
451 613 492 681 de
515 633 613 680 causa
632 614 774 681 instituto
791 615 902 681 nullibi
918 615 1024 700 agitur
1038 615 1126 700 apud
1141 635 1280 701 augures
1394 608 1397 615 ’

159 719 222 786 nisi
243 719 277 783 in
300 717 433 802 augurio
456 716 584 783 Salutis.

243 823 355 903 Itaque
377 825 485 886 nostro
509 821 576 884 iure
599 820 712 887 eadem
730 821 798 887 fere
813 821 911 887 verba
926 820 1094 887 sollemnia
1110 842 1192 905 quae
1208 833 1281 890 sunt

158 924 245 1011 apud
275 923 449 1010 Vergilium
481 922 530 1007 ,di
559 922 724 1007 prohibete
754 924 875 990 minas‘
909 924 1086 1008 precationi
1120 926 1280 992 maximae

157 1028 324 1095 vindicare
353 1026 527 1112 poterimus
556 1026 653 1108 idque
682 1047 719 1092 eo
756 1027 860 1112 magis
895 1047 957 1110 quo
994 1027 1096 1093 eidem
1134 1035 1279 1096 auctores

159 1131 304 1197 Serviani
327 1130 426 1196 verba
446 1128 588 1215 ,numina
610 1130 738 1214 magna‘
761 1149 844 1213 quae
866 1137 939 1196 sunt
959 1131 1100 1196 inversu
1116 1133 1279 1216 superiore

159 1234 202 1300 ad
224 1234 354 1300 eosdem
378 1233 477 1307 θεοὺς
493 1232 650 1306 δυνατοὺς
672 1233 835 1298 retulerint
857 1252 937 1324 quos
949 1233 1049 1300 Varro
1071 1233 1160 1300 libris
1183 1256 1280 1321 augu-

162 1337 281 1404 ralibus
305 1336 497 1422 adsignavit.

242 1442 292 1506 Ne
314 1447 419 1506 autem
443 1440 492 1504 cui
508 1440 620 1505 mirum
637 1438 783 1506 videatur
798 1459 854 1506 cur
868 1440 1026 1524 Vergilius
1043 1461 1082 1506 ex
1095 1442 1278 1526 precatione

155 1545 295 1614 maxima
317 1543 447 1610 deorum
470 1543 601 1609 nomina
621 1543 803 1629 promserit,
833 1563 903 1609 eam
927 1544 967 1609 ob
996 1565 1126 1611 eausam
1155 1546 1279 1612 videtur

155 1650 273 1715 fecisse
295 1654 329 1713 ut
350 1645 520 1713 Octaviani
542 1646 677 1731 Augusti
700 1645 812 1712 laudes
836 1647 1020 1712 celebraret.
1065 1640 1278 1716 R'eferendam
1395 1654 1400 1667 “

156 1754 240 1818 enim
264 1771 336 1817 esse
351 1751 573 1840 precationem
596 1749 769 1814 maximam
799 1749 842 1814 ad
874 1751 1042 1835 augurium
1065 1751 1184 1817 Salutis
1214 1753 1277 1818 iam

156 1876 255 1941 supra
277 1854 451 1920 docuimus.
487 1852 569 1917 Illud
592 1860 697 1919 autem
721 1852 888 1938 augurium
910 1853 1006 1939 longo
1029 1860 1171 1939 ternpore
1187 1856 1278 1921 inter·

155 1962 286 2025 missum
310 1977 394 2024 anno
418 1978 446 2021 a.
470 1976 499 2020 u.
524 1975 550 2021 c.
568 1955 685 2036 taujau
702 1955 880 2022 Octaviano
896 1957 1037 2039 quintum
1053 1957 1125 2023 Sex.
1142 1958 1277 2043 Apuleio
1376 1992 1378 1997 .

155 2062 339 2129 oonsulibus
361 2060 528 2146 repetitum
552 2067 600 2125 est
625 2058 721 2142 idque
749 2058 782 2123 in
805 2057 974 2124 Octaviani
1002 2058 1155 2126 honorem
1184 2063 1277 2144 quasi

157 2166 305 2232 omnibus
326 2164 420 2230 b'ellis
445 2162 600 2229 confectis
623 2163 720 2228 otium
743 2161 813 2228 orbi
835 2167 989 2227 terrarum
1012 2161 1212 2230 reddidisset.
1237 2166 1275 2230 cf.

155 2269 288 2334 Cassius
310 2267 372 2332 Dio
396 2266 446 2332 51.
470 2267 520 2331 20.
573 2263 656 2330 lllud
684 2265 781 2349 igitur
809 2265 929 2354 factum
957 2267 1102 2350 Augusto
1131 2265 1277 2333 honoriti-

156 2371 372 2438 centissimum
387 2369 546 2454 Vergilius
568 2369 662 2435 silere
685 2368 797 2434 nolens
820 2367 880 2434 hoc
903 2368 973 2434 loco
995 2373 1192 2452 posterorum
1215 2390 1277 2434 me-

154 2475 274 2548 moriae
296 2473 436 2539 tradidit.
473 2471 625 2536 Similiter
647 2472 678 2536 in
702 2471 852 2537 Aen.VlI
873 2469 948 2536 inde
971 2491 992 2536 a
1014 2490 1108 2536 versu
1124 2473 1184 2536 601
1208 2473 1278 2537 lani

154 2577 281 2644 Gemini
305 2596 399 2658 quem
421 2581 528 2662 patres
549 2574 625 2639 item
647 2573 680 2638 in
696 2572 832 2657 Augusti
852 2572 1003 2639 honorem
1020 2573 1174 2641 clausisse
1190 2575 1275 2660 apud

153 2683 291 2747 Dionem
313 2679 445 2765 legitur,
468 2678 661 2744 mentionem
682 2676 816 2742 iniciens
838 2675 975 2760 Augusti
995 2676 1107 2743 laudes
1129 2678 1275 2760 quamvis

155 2784 379 2850 decentissime
401 2781 533 2847 induxit.

242 2889 371 2971 Fragm.
395 2886 438 2951 VI
454 2918 495 2940 =
510 2886 594 2950 Fest.
619 2885 697 2949 351:
720 2887 802 2952 bene
823 2886 953 2967 sponsis
967 2887 1114 2968 teneque
1131 2888 1276 2953 uolueris

154 2993 188 3057 in
217 2991 402 3076 precatione
432 2987 579 3073 augurali
607 2987 747 3054 Messala
776 3006 877 3072 augur
905 2987 951 3053 ait
989 2985 1170 3071 significare
1206 3009 1276 3075 spo-

152 3094 304 3180 ponderis
326 3091 474 3159 volueris.

319 3198 381 3262 Pro
405 3195 565 3282 ‚volucris‘
588 3192 733 3280 Scaliger
755 3200 786 3260 et
797 3194 930 3280 Lipsius
952 3194 1089 3274 ,voleris‘
1104 3194 1274 3260 Muellems

362 3300 472 3386 ‚volis‘¹

240 3408 351 3488 ltaque
374 3410 459 3470 reete
482 3402 511 3468 ei
533 3401 680 3467 videntur
702 3402 863 3486 explicare
884 3402 1040 3470 rationem
1070 3403 1275 3489 auguriorum

155 3510 210 3592 qui
233 3509 325 3592 quasi
347 3506 509 3591 quoddam
532 3504 645 3571 foedus
668 3506 750 3571 inter
772 3504 849 3572 deos
872 3511 903 3571 et
933 3506 1139 3592 magistratus
1170 3506 1275 3592 auspi-

157 3620 268 3679 cantes
290 3610 487 3679 intercedere
509 3608 627 3674 volunt.
651 3608 691 3673 cf.
714 3610 756 3674 M.
779 3609 816 3674 A.
839 3609 881 3693 Π,
903 3634 934 3697 p.
954 3611 1030 3677 135.

242 3717 370 3802 Fragm.
394 3714 455 3779 Vll
476 3744 518 3767 =
540 3711 591 3776 ib:
621 3715 753 3794 serpula
775 3716 930 3795 serpserit
953 3714 998 3779 ait
1028 3713 1112 3780 idem
1134 3711 1275 3778 Messala

155 3840 288 3905 serpens
310 3817 481 3903 irrepserit.
595 3884 598 3889 ,
673 3891 677 3900 Ι
992 3851 995 3857 ·

243 3923 319 3988 Sine
349 3922 446 3986 dubio
475 3919 555 3986 haec
584 3920 683 3985 verba
712 3927 743 3986 et
771 3941 811 3986 ea
840 3940 923 4003 quae
953 3926 1100 3986 secuntur
1129 3919 1174 3984 ita
1201 3938 1273 3984 oum

159 4011 375 4112 superioribus
398 4023 585 4108 cohaerent,
616 4029 650 4087 ut
672 4023 778 4089 tacere
800 4045 865 4089 non
887 4023 1007 4111 possim
1030 4022 1106 4106 quin
1135 4022 1178 4088 ad
1206 4041 1275 4106 prc-
