2880 4710
702 226 741 320 c

153 414 329 481 secundum
351 412 433 497 legis
455 417 601 477 vetustae
623 432 705 495 quae
728 413 760 477 in
780 412 1008 498 provocatione
1023 411 1205 479 Horatiana
1227 432 1293 479 usu

153 517 304 582 veniebat
325 515 512 582 formulam:
542 516 719 598 ,uerberato
741 517 793 583 rel
815 516 901 581 iutra
922 515 1099 602 pomerium
1120 515 1174 579 vel
1196 520 1295 581 extra

152 619 348 706 pomerium‘.
394 618 463 682 Lis.
486 617 511 702 Ι,
534 620 586 683 ib.

237 774 279 840 ll.
302 775 501 859 Fragmenta
522 773 821 839 commentariorum
844 778 875 838 et
896 770 1128 839 decretorum*

279 904 318 967 Α.
342 901 562 969 commentarii
584 902 767 986 augurales.

237 1032 367 1117 Fragm.
389 1030 405 1094 I
427 1062 468 1084 =
492 1029 558 1095 (lic.
581 1029 622 1094 de
644 1027 708 1094 div.
731 1030 773 1115 ll,
798 1016 848 1096 1'8.
871 1031 940 1096 42:
970 1030 1084 1113 ltaque
1105 1030 1138 1097 in
1161 1032 1291 1099 nostris

150 1133 387 1203 commentariis
410 1133 561 1217 scriptum
584 1131 742 1199 habemus

237 1245 324 1320 ‚lore
345 1244 480 1303 tonante
500 1238 694 1318 fulgurante
715 1241 850 1304 eomttta
871 1239 989 1319 populi
1016 1237 1139 1304 babere
1168 1241 1292 1307 netas‘.

237 1341 313 1408 adn.
339 1361 399 1406 cr.:
422 1344 555 1406 tonante
577 1344 609 1405 et
630 1339 747 1425 fulgur.
771 1340 812 1405 H.
835 1339 947 1406 haberi
968 1340 1101 1425 Erlang.

239 1445 290 1510 De
312 1442 427 1510 eodem
448 1447 621 1528 praecepto
643 1443 706 1508 iam
730 1463 830 1529 supra
855 1463 930 1530 pag.
957 1444 1009 1508 38.
1039 1443 1073 1507 in
1101 1441 1293 1528 fragmento

151 1547 258 1614 XXIV
288 1545 439 1613 librorum
469 1545 671 1630 auguralium
700 1546 892 1631 explicando
921 1544 1118 1630 disputatum
1150 1551 1213 1614 est.
1244 1584 1291 1595 ——

153 1651 186 1716 Si
215 1650 401 1716 Ciceronem
429 1649 647 1714 verbotenus
675 1654 843 1732 utrumque
872 1648 1085 1732 fragmentum
1111 1648 1292 1735 protulisse

154 1772 342 1839 persuasum
373 1751 543 1835 babemus,
573 1757 684 1816 nostra
713 1752 873 1818 sententia
903 1772 1000 1834 quam
1029 1750 1070 1817 de
1099 1749 1293 1819 discrimine

152 1857 235 1921 inter
256 1855 355 1921 libros
378 1860 410 1920 et
433 1854 677 1920 commentarios
699 1853 916 1921 intercedente
937 1874 1013 1940 pag.
1030 1855 1072 1918 14
1090 1853 1291 1940 aperuimus,

156 1959 270 2025 mirum
293 1959 326 2022 in
349 1957 479 2023 modum
503 1957 706 2022 confirmatur
728 1963 824 2039 atque
847 1963 1051 2024 sustentatur.

242 2061 371 2144 Fragm.
394 2061 426 2124 lI
441 2093 481 2113 =
497 2060 584 2124 Fest.
606 2059 704 2125 317l:
727 2060 893 2143 sanqualis
908 2061 978 2126 auis
993 2059 1188 2148 a[ppellatur
1201 2078 1292 2142 quae

152 2166 186 2230 in
224 2161 475 2249 comlmentariis
512 2159 732 2246 augurallibus
770 2162 944 2250 ossifra]ga
980 2162 1097 2229 dicitur
1132 2161 1211 2244 quia
1251 2162 1290 2229 in

153 2266 267 2353 [Sangi
292 2263 356 2352 dei]
379 2263 478 2330 tutela
500 2269 558 2329 est.

237 2369 312 2434 Non
335 2366 445 2433 dubito
468 2366 544 2449 quin
567 2373 652 2433 recte
667 2367 804 2434 Ursinus
827 2367 1023 2454 suppleverit
1044 2387 1085 2433 ex
1103 2368 1194 2434 Paul.
1210 2370 1289 2436 316.

152 2472 259 2538 Etiam
281 2471 343 2537 hoc
365 2470 546 2554 fragmento
570 2469 742 2537 discrimen
765 2471 850 2554 quod
877 2470 1044 2537 intercedit
1072 2470 1156 2536 inter
1182 2471 1288 2538 libros

153 2582 184 2643 et
207 2573 452 2642 commentarios
474 2572 570 2638 valde
593 2572 804 2639 confirmatur.
849 2575 935 2639 Nam
962 2574 1149 2658 ,sanqualis‘
1176 2576 1290 2659 appel-

153 2678 230 2744 latio
254 2676 331 2760 quin
354 2675 500 2741 inlibris
523 2674 730 2761 auguralibus
752 2677 847 2742 t’uerit
869 2696 908 2742 ex
931 2676 978 2742 eis
993 2675 1184 2743 testimoniis
1200 2696 1289 2759 quae

152 2781 186 2846 in
210 2782 313 2847 altera
333 2777 493 2864 particula
519 2778 613 2843 huius
643 2778 742 2845 libelli
772 2786 864 2845 erunt
891 2778 1086 2865 proferenda
1114 2779 1288 2866 (imprimis

154 2903 194 2949 ex
216 2882 314 2967 Appii
336 2880 426 2946 libris
450 2880 538 2964 apud
560 2881 690 2946 Festum
715 2883 775 2945 197
799 2901 824 2947 s.
840 2903 869 2947 v.
894 2883 1034 2968 oscines)
1057 2881 1187 2947 dubium
1211 2900 1288 2949 esse

153 3006 218 3052 nou
240 2988 355 3070 potest.
392 2982 620 3050 Commentarii
643 2990 749 3049 autem
772 2984 819 3050 cis
843 2984 965 3050 scilicet
986 2984 1181 3071 temporibus
1201 3002 1288 3049 com-

153 3088 250 3173 positi
286 3086 402 3170 quibus
438 3104 522 3168 quac
559 3106 599 3152 ca
634 3086 704 3152 avis
741 3093 827 3154 esset
861 3108 925 3153 non
961 3088 1099 3172 amplius
1135 3090 1289 3152 accurate

154 3190 288 3257 sciretur
325 3190 513 3271 sanqualem
551 3209 642 3255 avem
677 3189 813 3256 eandem
851 3209 923 3256 esse
959 3196 1054 3273 atque
1091 3188 1288 3273 ossifragam

153 3292 352 3378 interpretati
375 3298 448 3358 sunt
471 3291 511 3357 ci.
536 3292 616 3356 Plin.
639 3291 679 3355 N.
703 3292 743 3357 H.
766 3293 808 3376 X,
833 3296 861 3356 7.
885 3293 936 3357 20.

239 3393 368 3479 Fragm.
386 3396 434 3459 III
456 3427 497 3449 =
521 3394 589 3460 Cic.
613 3392 654 3459 dc
677 3393 739 3461 div.
763 3395 804 3479 ΙΙ,
829 3396 879 3460 36,
905 3397 970 3459 77.;
1004 3394 1088 3459 Huic
1110 3393 1213 3460 simile
1236 3401 1288 3461 est

155 3495 242 3581 quod
263 3517 323 3564 nos
346 3516 485 3581 augures
506 3497 721 3584 praecipimus
744 3517 785 3563 ne
806 3497 900 3582 iuges
929 3498 1107 3583 auspicium
1134 3498 1288 3564 obveniat

154 3606 189 3665 ut
210 3600 351 3666 iumenta
373 3600 506 3666 iubeant
529 3600 715 3686 diiungeret
761 3600 801 3665 cf.
825 3599 862 3664 fr.
886 3602 974 3685 XIX,
999 3621 1028 3685 p.
1052 3601 1103 3665 36.

240 3704 327 3770 Fieri
349 3702 436 3769 nullo
459 3702 554 3769 modo
577 3710 684 3788 potest
706 3709 740 3769 ut
761 3702 823 3769 hoc
845 3708 1052 3789 praeceptum
1079 3704 1169 3770 libris
1199 3704 1288 3769 attri-

155 3805 290 3871 buamus
320 3805 378 3872 sed
404 3806 510 3891 potius
541 3806 569 3872 si
598 3806 674 3887 quid
704 3805 799 3872 video
830 3825 868 3871 eo
897 3812 1039 3893 tempore
1077 3812 1179 3874 ortum
1214 3824 1288 3873 esse

156 3906 252 3973 debet
281 3928 343 3990 quo
372 3908 437 3975 iam
466 3909 641 3994 auguribus
667 3909 747 3995 ipsis
777 3908 878 3975 nimia
907 3908 1098 3994 disciplinae
1131 3909 1287 3993 ambages

156 4009 264 4077 taedio
287 4029 360 4077 esse
382 4013 495 4097 coepit.
534 4012 647 4095 ltaque
669 4032 734 4078 non
757 4011 868 4078 dubito
891 4010 952 4078 hoc
974 4017 1181 4098 praeceptum
1205 4031 1288 4078 com·
