2880 4710
679 235 718 300 15

617 325 781 334 ...Ἀ-ψ...

99 506 101 511 ,
138 424 237 491 moris
259 423 376 489 laudet.
421 421 514 502 Quod
537 423 566 488 si
595 443 702 489 verum
736 430 784 490 est
813 423 899 506 quod
928 441 1039 489 verum
1067 441 1138 490 esse
1167 423 1263 491 debet
1366 460 1368 473 ι

138 548 211 595 cum
246 526 319 592 libri
351 525 507 594 reconditi
543 525 577 591 id
614 533 663 592 est
694 526 865 613 augurales
896 527 1098 611 appellantur
1126 534 1213 594 recte
1241 548 1260 594 a

137 629 249 697 Servio
277 629 512 699 commentariis
543 636 753 716 opponuntur.
798 628 954 696 Videntur
982 635 1088 695 autem
1116 629 1149 695 hi
1178 651 1261 698 com-

137 734 286 800 mentarii
308 754 347 801 ex
371 754 409 800 eo
431 732 520 799 fonte
543 733 673 802 fluxisse
696 754 791 821 quem
805 732 917 799 Cicero
941 733 981 798 de
1003 732 1066 799 div.
1088 735 1113 819 Ι,
1135 735 1187 799 41.
1211 736 1261 800 90.

136 836 187 903 his
216 837 321 904 verbis
351 824 534 922 descripsit:
571 843 818 923 ,congregantur
845 837 878 902 in
910 836 986 902 sano
1024 837 1261 904 commentandi
1367 840 1372 851 ’

137 959 238 1006 causa
273 947 370 1023 atque
405 942 488 1008 inter
523 960 559 1008 se
595 940 798 1024 colloquendi
835 938 921 1022 quod
958 939 1056 1005 etiam
1089 939 1173 1005 idem
1202 962 1260 1008 vos

135 1044 304 1131 (augures)
327 1044 613 1128 Nonisquondam
636 1044 744 1110 lacere
765 1042 941 1110 solebatis!
1042 1033 1044 1036 ⁴

220 1148 324 1232 Pergo
347 1146 501 1234 deinceps
523 1147 565 1212 ad
588 1147 685 1213 aliam
706 1147 858 1214 librorum
888 1144 1091 1230 auguralium
1119 1148 1259 1233 speciem
1353 1140 1357 1151 ”

136 1269 218 1331 quae
241 1249 449 1318 decretorum
471 1251 599 1317 nomine
622 1251 730 1317 fertur.
768 1250 852 1330 Quid
869 1249 910 1315 sit
925 1269 1082 1335 augurum
1098 1249 1259 1317 decretum

135 1372 231 1418 nemo
253 1354 364 1420 nescit.
402 1354 465 1422 Ubi
487 1355 571 1420 enirn
594 1354 627 1419 in
651 1354 906 1436 disquisitionem
926 1353 1013 1419 venit
1027 1352 1146 1420 vitione
1161 1356 1261 1421 creati
1325 1434 1327 1438 ¹

136 1461 245 1521 essent
266 1446 472 1542 magistratus
494 1457 612 1522 vitione
638 1455 705 1522 lata
733 1457 786 1522 lex
816 1463 901 1522 esset
930 1455 1047 1523 vitione
1075 1456 1161 1523 dicta
1190 1457 1259 1525 dies

132 1565 263 1625 senatus
286 1559 328 1624 ad
351 1580 489 1645 augures
513 1560 632 1626 referre
663 1559 715 1626 vel
743 1559 868 1626 deferre
899 1559 1022 1626 solebat
1049 1562 1104 1642 qui
1131 1560 1259 1629 decreto

136 1662 205 1729 sive
245 1683 399 1749 responso
438 1662 646 1731 decernerent
681 1669 784 1729 utrum
820 1662 918 1729 salvis
961 1663 1114 1749 auspiciis
1157 1685 1259 1731 necne

133 1765 342 1850 magistratus
365 1754 463 1833 creati
487 1773 594 1834 essent
616 1765 686 1831 dies
709 1771 794 1831 esset
817 1764 902 1830 dicta
921 1764 997 1831 'lata
1024 1767 1085 1832 lex.
1130 1767 1259 1834 Talium

136 1866 336 1936 decretorum
358 1891 398 1936 ex
420 1869 511 1936 Livio
534 1876 629 1952 atque
644 1868 798 1935 Cicerone
820 1869 990 1953 petitorum
1013 1870 1137 1954 copiam
1162 1892 1258 1953 quon-

135 1970 210 2035 dam
226 1972 396 2039 Brissonus
412 1972 445 2038 in
461 1993 499 2039 co
521 1972 603 2038 libro
626 1991 718 2054 quem
742 1971 783 2037 de
804 1971 949 2038 formulis
972 1972 1099 2058 scripsit
1121 1973 1257 2060 collegit,

132 2080 349 2158 quantumque
379 2075 421 2142 ad
450 2074 657 2160 magistratus
687 2080 811 2141 creatos
840 2075 976 2159 pertinet
998 2076 1103 2160 [etiam
1131 2078 1257 2162 plenius

133 2176 309 2245 Grosserus
331 2179 383 2264 ‚de
405 2178 569 2265 spectione
592 2184 623 2243 et
644 2178 853 2246 nuntiatione‘
875 2199 906 2263 p.
930 2179 970 2243 26
986 2198 1056 2263 sqq.
1091 2179 1257 2265 Reliquiae

133 2300 209 2346 vero
231 2302 356 2366 paucae
378 2289 501 2350 tantum
523 2290 693 2371 supersunt
715 2301 787 2349 cum
805 2276 831 2348 'a
850 2282 1058 2366 scriptoribus
1072 2282 1257 2368 plerumque
1354 2294 1356 2298 '

132 2383 212 2448 nihil
233 2385 296 2450 nisi
319 2405 476 2471 augurum
498 2387 659 2454 decretum
683 2387 803 2452 factum
825 2405 896 2453 esse
919 2385 1092 2453 memoriae
1113 2385 1258 2452 tradatur

132 2508 204 2553 raro
227 2488 426 2556 solummodo
450 2491 540 2556 cuius
563 2490 690 2576 generis
712 2487 747 2553 id
769 2487 930 2555 decretum
953 2487 1048 2554 fuerit
1077 2490 1256 2555 accuratius

132 2590 300 2657 indicetur.
346 2592 384 2656 ln
407 2592 661 2676 disquisitionem
684 2597 791 2658 autem
813 2592 923 2658 venire
938 2611 978 2657 ea
992 2591 1139 2677 auspicia
1153 2592 1255 2659 solum
1313 2652 1315 2656 .

131 2700 302 2778 potuerunt
323 2695 357 2761 in
379 2696 493 2780 quibus
515 2697 669 2762 incertum
685 2701 753 2761 erat
768 2694 845 2778 quid
859 2694 909 2760 ius
925 2695 1094 2779 augurium
1108 2701 1257 2781 posceret

134 2797 310 2881 quibusque
344 2799 377 2864 in
416 2799 507 2866 libris
543 2799 750 2886 auguralibus
786 2804 989 2884 prospectum
1025 2819 1090 2865 non
1127 2801 1255 2884 esset1).

132 2900 280 2983 Namque
303 2901 330 2967 si
353 2902 407 2985 qui
430 2903 636 2994 magistratus
659 2903 804 2989 aperte2)
827 2907 939 2968 contra
962 2901 1108 2988 auspicia
1130 2909 1255 2969 creatus

131 3009 216 3069 essct
238 3004 322 3086 quod
350 3005 574 3072 vetustioribus
602 3006 797 3091 temporibus
827 3011 912 3072 certe
942 3023 1001 3070 usu
1030 3005 1139 3072 venire
1169 3025 1256 3071 num·
1352 3054 1354 3058 -

132 3125 229 3189 quam
251 3114 378 3193 poterat
401 3108 454 3192 qui
476 3108 743 3195 locusaugurum
767 3109 896 3175 decreto
919 3127 990 3174 esse
1012 3107 1169 3192 potuisset
1184 3129 1255 3175 cum

131 3229 242 3277 omnes
278 3210 360 3278 scire
397 3211 550 3278 deberent
586 3232 657 3279 eum
695 3232 766 3280 esse
802 3212 879 3279 vitio
922 3212 1086 3278 creatum?
1142 3213 1255 3294 Itaque
1358 3260 1361 3265 -

129 3320 265 3399 apparet
292 3314 429 3381 decretis
461 3315 674 3383 reconditiora
702 3315 780 3381 iuris
809 3313 935 3400 augurii
970 3321 1145 3401 praecepta
1181 3335 1254 3382 cum

130 3416 285 3503 imperitis
324 3436 395 3484 esse
432 3419 666 3485 communicata
699 3424 795 3502 atque
831 3417 989 3484 interdum
1031 3417 1127 3483 ctiam
1170 3439 1254 3485 nova
1357 3436 1360 3443 ·

129 3526 304 3606 praecepta
325 3539 397 3588 esse
419 3522 585 3605 proposita
607 3543 678 3588 cum
707 3521 781 3588 libri
811 3529 958 3588 autnon
986 3520 1170 3611 sufficerent
1199 3529 1254 3588 aut

129 3623 391 3708 interpretatione
414 3630 509 3707 atque
531 3625 745 3711 explicatione
767 3631 906 3710 egerent.
934 3625 1092 3712 qDenique
1106 3625 1252 3710 pauculis

129 3724 301 3791 dicendum
323 3734 371 3794 est
393 3727 434 3793 dc
458 3728 641 3795 discrimine
664 3728 749 3810 quod
772 3728 855 3794 inter
881 3728 1127 3795 commentarios
1156 3733 1252 3811 atque

100 3828 258 3895 'decreta
287 3830 454 3915 auguralia
490 3831 665 3898 intercedit.
716 3833 862 3916 Namque
898 3836 1051 3914 quantum
1087 3831 1130 3899 ad
1167 3852 1251 3899 com-

194 4053 219 4119 1)
238 4053 269 4107 cf.
288 4053 445 4110 Ambrosch.
462 4054 490 4110 ll.
508 4072 534 4125 p.
548 4056 588 4110 12.
608 4088 640 4097 -
657 4057 683 4126 2)
701 4057 738 4111 M.
750 4057 782 4111 R.
796 4056 822 4112 S.
836 4057 856 4111 l.
874 4074 900 4126 p.
913 4056 954 4111 28.
