2880 4710
669 218 688 283 5

117 403 271 471 Romanis
293 404 473 472 hominibus
495 412 527 472 et
549 406 618 474 sine
640 407 737 473 dubio
761 406 857 473 etiam
887 408 1000 473 ceteris
1022 407 1112 475 Italis
1139 409 1236 474 moris
1334 481 1337 489 ,
1407 418 1410 425 ’

115 509 175 574 fuit
211 508 357 575 sinistras
392 516 501 594 partes
542 510 774 596 auspicatiorcs
818 509 1000 577 existimare
1009 511 1044 598 1).
1103 510 1236 577 Talibus

116 612 271 698 exemplis
294 612 407 697 opinor
429 612 508 686 satis
531 615 756 699 comprobatur
770 634 833 679 non
849 634 870 680 a
885 613 1019 679 Graecis
1034 613 1235 699 disciplinam

115 734 187 782 esse
210 714 411 801 desumptam
434 715 491 782 sed
512 717 618 802 potius
641 737 681 782 ex
700 716 814 783 eodem
828 717 916 783 fonte
930 723 1026 801 atque
1041 717 1237 784 Graecorum

115 817 318 904 disciplinam
339 819 479 886 fluxisse.
523 821 671 902 Namque
698 821 784 903 quod
805 819 968 907 servium)
995 820 1093 886 tradit
1120 822 1236 889 missos

115 940 187 988 esse
208 942 229 988 a
250 923 382 1008 Marsya
409 942 486 1007 rege
507 921 670 1008 Phrygum
699 923 754 1006 qui
775 922 875 990 Italos
905 923 1110 1008 disciplinam
1139 944 1236 1010 augu-

114 1023 209 1090 randi
230 1024 414 1110 edocerent,
443 1025 641 1092 Graecorum
663 1025 893 1092 commenticiis
916 1027 1043 1094 fabellis
1065 1047 1158 1093 nemo
1187 1034 1236 1094 est

115 1129 191 1210 quin
213 1127 374 1195 attribuat.
419 1129 570 1196 Florebat
591 1135 698 1195 autem
726 1131 808 1196 inter
829 1130 928 1196 Italos
957 1129 1119 1213 quondam
1148 1131 1235 1217 apud

114 1232 251 1298 Umbros
281 1231 462 1316 augurandi
492 1231 664 1317 disciplina
694 1233 734 1298 de
765 1252 827 1316 quo
857 1238 889 1298 et
921 1233 1102 1299 tabularum
1131 1233 1235 1319 Iguvi-

114 1353 227 1400 narum
257 1335 398 1418 reliquiis
429 1341 460 1402 et
489 1334 653 1402 Ciceronis
663 1335 690 1422 ⁸)
719 1335 899 1425 testimonio
931 1342 1064 1402 constat.
1109 1337 1235 1404 Deinde

113 1437 252 1504 Sabinos
268 1458 480 1505 commemoro
496 1458 630 1523 quorum
644 1439 745 1509 Marsi
761 1439 861 1505 nimia
876 1439 1101 1524 superstitione
1116 1441 1236 1506 derisui

114 1548 206 1609 erant
233 1542 387 1634 Romanis
416 1541 644 1629 hominibus4).
688 1541 784 1627 Apud
813 1541 951 1609 Sabinos
980 1543 1109 1626 quidem
1139 1544 1234 1610 etiam

114 1645 315 1713 accuratiora
343 1645 383 1712 de
412 1647 520 1712 avium
550 1646 823 1713 observandarum
856 1644 1029 1732 disciplina
1063 1653 1236 1734 praecepta

112 1750 213 1816 fuisse
241 1748 412 1815 verisimile
441 1754 498 1815 est.
546 1751 695 1833 Namque
724 1754 1008 1816 commemorantur
1043 1769 1064 1814 a
1092 1750 1235 1816 Varrone

113 1854 153 1918 dc
174 1853 252 1937 ling.
275 1852 344 1917 Lat.
368 1873 398 1917 v.
422 1851 473 1917 85.
497 1872 574 1919 aves
596 1854 754 1936 quaedam
777 1852 883 1918 Titiae
910 1870 991 1934 quas
1020 1872 1040 1918 a
1068 1851 1233 1919 sodalibus

113 1956 206 2022 Titiis
231 1955 263 2020 iu
286 1955 380 2021 certis
402 1956 545 2040 auguriis
561 1956 748 2023 observatas
765 1976 836 2023 esse
852 1956 971 2022 scribit.
1008 1955 1112 2022 Titiae
1127 1961 1232 2022 autem

113 2078 190 2125 aves
212 2063 298 2125 certo
320 2058 466 2143 separari
488 2066 650 2141 nequeunt
671 2080 692 2125 a
713 2060 797 2127 tribu
826 2059 882 2125 illa
902 2058 1039 2128 Titiensi
1068 2077 1164 2142 quam
1194 2079 1232 2125 ex

111 2161 242 2228 Sabinis
264 2159 433 2227 oriundam
455 2180 526 2227 esse
548 2163 691 2248 plerique
714 2163 924 2229 consentiunt.

195 2266 265 2330 Iam
294 2283 368 2331 vero
399 2284 498 2350 pergo
528 2265 572 2330 ad
599 2267 761 2332 Romanos
791 2285 924 2350 quorum
953 2283 1025 2331 cum
1061 2263 1233 2350 disciplina

111 2367 277 2434 divinandi
306 2369 452 2453 apposite
482 2367 523 2434 dc
544 2368 749 2434 Etruscorum
778 2368 930 2435 institutis
959 2367 1132 2434 disseretur
1161 2388 1232 2434 cum

110 2470 273 2554 utriusque
295 2471 434 2538 nationis
465 2490 541 2537 usus
571 2477 639 2537 arte
668 2471 848 2538 cohaereat.
892 2471 1028 2537 Romani
1058 2487 1100 2536 ex
1130 2471 1231 2537 tribus

109 2574 310 2659 potissimum
332 2575 502 2658 generibus
525 2574 721 2640 voluntatem
750 2573 880 2641 deorum
910 2573 1136 2640 immortalium
1164 2594 1232 2660 per-

110 2677 234 2762 spicere
256 2697 352 2762 posse
380 2677 442 2744 sibi
469 2676 531 2744 visi
560 2683 643 2743 sunt.
686 2677 734 2743 Ac
763 2677 900 2763 primum
929 2675 1057 2760 quidem
1087 2677 1120 2741 in
1150 2677 1231 2743 extis

110 2781 285 2848 hostiarum
308 2780 519 2847 observandis
540 2780 747 2866 haruspicum
763 2780 934 2867 disciplina
948 2780 1144 2865 versabatur,
1167 2798 1231 2862 qua

110 2884 237 2967 quidem
266 2883 522 2967 frequentissime
551 2903 626 2950 usos
655 2904 726 2950 esse
752 2885 914 2950 Romanos
942 2881 1095 2950 historiae
1124 2903 1232 2949 monu-

110 2989 225 3053 mentis
246 2987 381 3053 traditur
403 2987 583 3053 memoriae.
625 2988 732 3054 Tanta
754 2992 860 3053 autem
883 2992 951 3052 erat
971 2987 1176 3053 Etruscorum
1198 2987 1231 3052 in

109 3091 170 3157 hoo
192 3110 310 3174 genere
332 3091 504 3158 auctoritas
520 3097 553 3156 ut
569 3090 729 3172 quondam
745 3097 875 3157 senatus
890 3089 1072 3156 decrevisse
1086 3089 1232 3155 tradatur

109 3200 143 3260 ut
165 3193 207 3259 de
227 3194 408 3280 principum
430 3193 503 3259 filiis
526 3213 583 3260 sex
604 3193 740 3279 singulis
761 3193 909 3260 Etruriae
930 3193 1057 3278 populis
1079 3193 1112 3258 in
1139 3191 1230 3259 disci-

107 3295 230 3385 plinam
251 3296 480 3384 traderentur⁵)
495 3303 641 3363 natanta
656 3316 709 3362 ars
724 3303 854 3382 propter
867 3295 1052 3363 tenuitatem
1066 3294 1247 3362 hominum·

108 3423 130 3467 a
165 3400 330 3486 religionis
367 3401 555 3467 auctoritate
591 3400 801 3467 abduceretur
836 3399 879 3466 ad
914 3399 1093 3466 mercedem
1135 3404 1230 3481 atquc

109 3510 284 3589 quaestum.
329 3504 423 3583 Quod
445 3523 518 3570 cum
546 3505 592 3570 ita
617 3503 659 3570 sit
687 3502 773 3569 nullo
802 3502 898 3569 modo
927 3503 1040 3568 mirum
1071 3501 1230 3568 videbitur

109 3608 210 3674 multa
232 3628 272 3674 ex
294 3607 498 3674 Etruscorum
520 3605 692 3692 disciplina
712 3606 745 3671 in
768 3606 866 3672 libros
888 3605 1072 3691 pontificum
1100 3604 1230 3670 fluxisse

108 3732 181 3777 cum
209 3710 413 3797 pontificibus
447 3709 559 3776 harum
596 3729 700 3775 rerum
736 3725 870 3792 quarum
907 3728 1006 3775 causa
1041 3708 1228 3794 haruspices

177 3952 202 4021 1)
221 3937 428 4018 Festusp.351
453 3950 493 4004 eo.
512 3949 643 4005 uuonan.
668 3979 703 3991 -
725 3949 751 4015 a)
769 3949 876 4004 seruus
898 3949 933 4003 ao
949 3949 1017 4003 Aen.
1034 3948 1089 4013 111,
1112 3948 1171 4002 eor.
1194 3976 1229 3986 -

108 4032 1227 4106 amomum-qmmmam-ammmum
