2880 4710
662 252 788 349 .-Εἴ
805 344 822 349 ..

180 440 245 506 iam
273 440 307 505 in
337 440 486 507 manibus
514 440 564 506 Ti.
594 441 775 528 Sempronii
804 442 943 510 Gracchi
978 444 1122 526 essent¹)
1159 462 1224 508 non
1260 441 1307 507 ita

180 543 313 609 multum
335 564 356 609 a
376 563 452 610 vero
475 544 694 611 aberrabimus
716 545 746 612 si
765 551 840 632 post
859 545 978 612 bellum
992 546 1148 611 Punicum
1166 545 1304 630 primum

180 665 236 712 eos
258 647 292 712 in
313 667 412 712 unum
434 667 549 733 corpus
571 647 720 716 redactos
741 667 814 716 esse
837 648 1002 732 editosque
1025 655 1208 714 statuemus.
1252 647 1304 713 Ad

181 749 313 816 eosdem
334 749 433 818 libros
456 750 629 837 augurales
651 751 729 816 mihi
751 751 880 835 quidem
902 752 1027 818 videtur
1049 750 1219 818 referenda
1233 771 1306 818 essu

178 856 421 921 reconditorum
435 859 594 922 librorum
608 854 782 940 appellatio
798 854 886 939 apud
897 855 963 922 Cic.
979 854 1036 938 (de
1051 854 1135 921 dom.
1146 855 1215 939 XV,
1231 856 1304 938 39):

179 955 290 1040 ,Venio
313 958 356 1024 ad
378 977 517 1043 augures
540 977 674 1040 quorum
696 977 757 1043 ego
778 959 877 1025 libros
900 959 1005 1041 siqui
1035 964 1109 1024 sunt
1137 957 1303 1044 reconditi,

179 1079 243 1125 non
265 1064 413 1146 scrutor,‘
437 1068 468 1127 et
488 1060 575 1147 apud
591 1060 737 1126 Servium
752 1061 809 1146 (ad
824 1062 903 1127 Aen.
919 1063 944 1146 l,
967 1063 1058 1143 398);
1082 1061 1180 1145 ,multi
1195 1068 1304 1128 tamen

181 1171 330 1230 asserunt
352 1184 471 1250 cycnos
500 1165 583 1231 inter
611 1166 784 1249 augurales
821 1165 892 1231 avis
928 1185 993 1231 non
1018 1164 1166 1230 inveniri
1200 1184 1305 1247 neque

177 1267 385 1352 auguralibus
415 1268 650 1334 commentariis
680 1289 789 1336 eorum
827 1288 944 1335 nomen
979 1267 1112 1335 illatum.
1163 1267 1230 1333 Sed
1269 1268 1303 1332 in

179 1368 270 1434 libris
293 1369 465 1436 reconditis
487 1370 603 1437 lectum
626 1391 698 1438 esse
718 1389 815 1458 posse
830 1371 1005 1453 quamlibet
1019 1390 1111 1437 avem
1126 1370 1304 1455 auspicium

180 1472 325 1537 attestari
352 1474 491 1540 maxime
522 1475 685 1557 quianon
711 1476 883 1561 poscatur!
932 1475 980 1541 Ae
1007 1475 1143 1559 primum
1174 1473 1304 1556 quidem

179 1573 265 1656 quod
291 1574 335 1640 ad
363 1596 481 1644 nomen
509 1577 743 1645 reconditorum
765 1578 893 1663 attinet,
923 1598 988 1644 non
1017 1577 1111 1660 quasi
1140 1576 1302 1663 proprium

179 1676 223 1742 ad
244 1697 342 1743 unum
364 1686 484 1746 certum
506 1700 608 1767 genus
630 1680 793 1766 librorum,
815 1681 849 1745 in
864 1700 929 1763 qua
944 1681 1103 1746 sententia
1117 1678 1212 1745 video
1229 1699 1301 1746 esse

177 1780 364 1847 Muellerum
372 1784 408 1868 ²),
425 1783 483 1849 sed
499 1784 543 1850 ad
557 1786 735 1871 complures
749 1783 832 1851 varii
846 1784 1026 1868 argumenti
1041 1783 1139 1848 libros
1154 1782 1301 1867 pertinet.

180 1882 306 1949 Etenim
328 1885 459 1952 Servius
482 1886 571 1953 libris
595 1888 786 1971 quibusdam
809 1885 981 1953 reconditis
1011 1891 1217 1972 praeceptum
1245 1886 1302 1951 ali-

179 1986 266 2068 quod
293 1988 417 2073 tribuit,
454 1988 539 2071 quod
566 2010 697 2075 prorsus
727 2012 748 2057 a
775 1992 921 2056 Romana
953 1988 1124 2074 disciplina
1160 1988 1301 2053 afienum

178 2089 320 2157 Etruscis
342 2092 432 2157 libris
455 2092 682 2158 vindicandum
705 2101 767 2160 est:
791 2093 834 2160 ad
854 2093 934 2158 Aen.
957 2093 1003 2177 II,
1027 2093 1105 2157 649:
1134 2090 1206 2176 ,tria
1228 2098 1302 2157 sunt

178 2192 346 2259 fulminum
368 2214 489 2279 genera
510 2201 559 2260 est
580 2196 667 2277 quod
688 2197 780 2263 afflat
801 2195 886 2280 quod
914 2195 1058 2263 incendit
1086 2196 1173 2277 quod
1200 2195 1301 2261 findit.

177 2293 264 2362 Sane
293 2297 334 2362 de
362 2296 547 2364 fulminibus
576 2298 637 2365 hoc
666 2301 818 2386 scriptum
847 2300 881 2364 in
915 2297 1088 2367 reconditis
1124 2298 1300 2366 invenitur:

177 2398 293 2481 quodsi
320 2421 414 2483 quem
435 2402 613 2487 principem
636 2403 773 2470 civitatis
794 2403 847 2469 vel
868 2422 978 2488 regem
999 2403 1118 2468 fulmen
1141 2402 1302 2468 afflaverit

177 2510 209 2567 et
238 2504 462 2590 supervixerit,
497 2511 643 2591 posteros
671 2503 739 2570 eius
775 2505 898 2574 nobiles
928 2506 1050 2572 futuros
1084 2510 1116 2570 et
1150 2511 1301 2572 aeternae

179 2604 323 2691 gloriae!
372 2609 619 2676 Reconditorum
648 2608 800 2673 librorum
829 2629 945 2675 nomen
966 2607 1113 2674 Valerius
1142 2608 1301 2676 Maximus

177 2709 207 2791 1,
238 2711 287 2775 12.
318 2711 415 2778 refert
443 2711 486 2778 ad
515 2711 715 2797 pontificales
743 2712 858 2778 libros:
888 2712 932 2796 ,in
961 2712 1064 2777 altera
1093 2712 1199 2798 (arca)
1227 2711 1300 2778 libri
1371 2749 1377 2763 .

104 2844 108 2855 ·
177 2812 334 2878 reconditi
355 2821 447 2881 erant
469 2823 590 2900 septem
612 2814 653 2880 de
675 2815 743 2880 iure
765 2813 968 2899 pontificum!
1011 2815 1184 2900 Perperam
1205 2814 1303 2901 igitur

177 2915 349 2982 Muellerus
379 2917 412 2982 ll.
443 2916 624 2984 reconditos
653 2917 751 2984 libros
780 2917 985 2983 Etruscorum
1015 2917 1204 3002 disciplinae
1240 2919 1301 2985 soli

177 3017 321 3085 vindieat
354 3020 395 3087 ab
425 3021 641 3104 Romanisque
670 3020 844 3108 auguribus
874 3020 908 3085 in
937 3022 1032 3087 rebus
1069 3020 1299 3088 difficilioribus

176 3127 300 3188 tantum
336 3124 441 3191 aditos
479 3143 551 3190 esse
587 3145 643 3193 eos
678 3124 845 3192 coniectat.
905 3123 988 3189 Huic
1029 3124 1208 3190 sententiae
1249 3127 1301 3191 vel

176 3233 347 3314 propterea
379 3228 529 3293 assentiri
563 3247 686 3311 nequeo
721 3227 807 3311 quod
840 3228 1057 3295 Rornanorum
1096 3225 1299 3311 disciplinam

179 3331 267 3396 nullo
289 3330 385 3399 modo
408 3351 448 3396 ex
470 3331 614 3398 Etruscis
635 3331 725 3397 libris
747 3330 940 3418 pependisse
962 3330 1026 3396 iam
1042 3350 1140 3416 supra
1154 3332 1300 3399 evincere

178 3432 293 3499 studui.
339 3433 473 3499 Accedit
495 3434 623 3517 quoda
645 3433 758 3500 Servio
788 3435 848 3501 hoe
878 3440 1084 3519 praeceptum
1112 3435 1299 3501 nominatim

177 3536 314 3602 Romani
336 3537 434 3605 moris
457 3537 557 3604 fuisse
584 3537 735 3605 traditur:
766 3536 809 3603 ad
830 3538 910 3603 Aen.
933 3537 997 3622 Ill,
1026 3537 1082 3602 69:
1112 3538 1299 3616 ,secundum

100 3624 104 3633 ⁸
177 3640 393 3706 Romanorum
414 3661 536 3708 morem
556 3643 636 3728 petit
657 3647 691 3707 ut
711 3641 784 3707 visa
804 3640 975 3714 firmentur.
1013 3643 1086 3709 Non
1102 3641 1187 3707 enim
1200 3661 1298 3707 unum

178 3743 348 3828 augurium
369 3744 490 3812 vidisse
512 3745 645 3830 sufficit,
675 3744 738 3812 nisi
767 3743 968 3811 confirmetur
997 3764 1037 3811 ex
1065 3744 1170 3811 simili.
1214 3745 1298 3811 Nam

222 3983 437 4124 ΜΙέΡΙῗτρετωη
459 3984 650 4040 Ambrosehius
671 3984 698 4039 ll.
723 3972 840 4039 adn.⁰43
863 3985 896 4040 de
919 3984 1115 4041 commentariis
1137 3985 1241 4054 cogitat.
1265 4017 1298 4027 -

178 4069 204 4136 a)
278 4110 284 4124 .
333 4070 416 4138 ‚rra
