2880 4710
639 236 802 334 Aa„

158 423 325 508 probabile
354 423 396 490 fit.
442 424 534 510 Apud
558 424 695 490 Gellium
724 425 807 490 enim
838 422 922 509 regis
953 428 1009 487 aut
1036 419 1197 488 flaminum
1226 418 1280 506 (ae

158 526 221 593 fine
251 527 349 594 dubio
379 528 473 593 etiam
509 527 700 610 reliquorum
735 526 951 611 sacerdotum)
988 524 1280 611 inaugurandorum

158 650 259 695 causa
290 652 348 717 pro
377 631 513 718 collegio
543 631 726 716 pontificum
756 631 861 696 calata
900 629 1027 695 comitia
1062 628 1172 694 habita
1209 647 1281 694 esse

156 733 301 799 traditur.
354 733 468 800 Calata
498 739 603 799 autem
632 735 759 800 comitia
788 735 820 799 in
849 730 1005 819 Capitolio
1043 731 1143 797 fuisse
1176 731 1282 797 ferun-

157 842 210 901 tur
221 837 255 922 1).
300 838 413 920 Itaque
435 837 468 900 ni
499 836 628 924 egregie
657 837 752 902 fallor
779 835 962 904 sacerdotes
992 835 1024 900 in
1048 834 1207 920 Capitolio
1236 835 1280 900 in-

158 942 401 1024 augurabantur
430 940 469 1005 ef.
493 941 528 1005 L.
552 941 587 1005 L.
612 941 650 1005 H.
674 940 703 1020 Ι,
734 932 805 1005 343.
857 938 935 1006 Orta
966 945 1072 1004 autem
1101 945 1150 1005 est
1178 937 1278 1020 Marq.

156 1043 267 1128 opinio
290 1064 330 1109 ex
351 1043 422 1110 loeo
445 1043 643 1109 Varroniano
667 1062 760 1126 quem
783 1042 865 1109 falso
888 1042 1112 1127 interpretatus
1135 1047 1197 1106 est:
1228 1040 1280 1125 ‚de

157 1146 195 1210 L.
218 1145 254 1210 L.
277 1146 314 1230 V,
338 1149 395 1211 47:
419 1153 525 1227 (sacra
547 1146 615 1230 via)
637 1166 695 1233 per
717 1166 811 1229 quam
834 1163 971 1231 augures
994 1165 1034 1210 ex
1056 1164 1130 1210 aree
1144 1144 1281 1230 profecti

155 1249 262 1315 solent
284 1249 496 1336 inaugurare‘.
541 1249 678 1314 Verbum
706 1249 791 1315 enirn
820 1247 1035 1333 inaugurandi
1062 1247 1114 1313 bic
1143 1268 1207 1314 non
1237 1249 1281 1314 ad

154 1351 342 1418 sacerdotes
364 1352 604 1438 inaugurandos
627 1352 763 1437 pertinet
785 1350 841 1418 sed
863 1351 958 1417 latius
981 1342 1069 1437 patet
1084 1356 1180 1434 atque
1194 1350 1281 1417 idem

154 1454 226 1520 fere
252 1455 412 1541 signifieat
441 1462 535 1538 atque
565 1455 742 1540 ,augurium
771 1456 878 1541 agere‘
908 1474 995 1539 ,aves
1026 1455 1201 1520 consulere‘
1239 1453 1279 1519 cf.

154 1556 226 1621 Liv.
249 1558 274 1642 Ι,
298 1559 347 1622 36.
372 1565 403 1624 et
418 1558 519 1624 Plaut.
542 1559 597 1624 As.
620 1559 662 1643 Il,
687 1560 714 1624 1.
740 1562 789 1624 12.
827 1557 1006 1624 Edocemur
1028 1577 1105 1644 ergo
1128 1557 1279 1624 hocloco

153 1659 357 1726 Varroniano
387 1681 524 1747 augures
553 1666 724 1743 antequam
752 1661 795 1726 ad
825 1661 960 1748 auguria
985 1660 1114 1746 agenda
1141 1659 1281 1746 proficis-

155 1769 304 1829 cerentur
332 1765 520 1830 convenisse
542 1764 575 1828 in
598 1783 704 1829 arcem
726 1765 780 1831 ubi
808 1772 877 1831 erat
905 1763 1135 1850 auguraoulum
1164 1762 1280 1829 deinde

155 1864 320 1951 proiectos
343 1887 400 1952 per
422 1869 547 1933 sacram
575 1867 659 1931 viam
689 1866 732 1932 ad
762 1867 868 1933 officia
898 1867 1087 1952 perrexisse.
1111 1866 1280 1932 —Unum

153 1975 279 2035 tantum
300 1961 513 2055 fragmentum
536 1976 681 2054 superest
710 1969 795 2052 quod
825 1969 887 2036 nisi
917 1970 1010 2036 l'allor
1040 1969 1083 2035 ad
1113 1970 1281 2055 inaugura-

153 2070 276 2138 tionem
299 2073 459 2156 virginum
481 2073 657 2160 Vestalium
679 2073 816 2159 pertinet
824 2075 860 2159 2).
904 2074 962 2139 Est
984 2073 1070 2159 apud
1094 2073 1277 2138 Varronem.

243 2175 372 2261 Fragm.
395 2176 471 2241 XIV
493 2209 534 2230 =
556 2177 657 2243 Varro
680 2176 710 2242 d.
735 2177 770 2241 L.
794 2177 830 2242 L.
853 2176 929 2261 Vll,
960 2180 1014 2241 64:
1044 2176 1091 2243 sic
1114 2168 1283 2242 conserere

155 2298 289 2344 manum
312 2278 446 2345 dicimur
468 2299 547 2356 cum¹
561 2278 667 2366 hoste,
698 2279 745 2346 sic
775 2300 814 2345 ex
844 2279 912 2346 iure
943 2300 1072 2345 manum
1101 2286 1280 2346 consertum
1349 2302 1353 2309 ³

137 2401 286 2466 ¹vocare,
316 2382 391 2448 hinc
414 2377 562 2448 adserere
585 2404 681 2448 manu
702 2383 736 2448 in
758 2383 937 2450 libertatem
960 2404 1054 2468 quom
1084 2382 1279 2469 prendimus,

154 2485 207 2551 sie
234 2505 373 2570 augures
405 2484 529 2551 dicunt:
560 2490 594 2554 Si
616 2490 699 2552 milri
728 2494 844 2554 auctor
874 2505 908 2554 es
935 2490 1024 2554 uerbi
1054 2539 1061 2553 .
1090 2537 1097 2552 .
1127 2535 1134 2551 .
1166 2535 1173 2551 .
1204 2507 1280 2552 nam

155 2608 257 2654 manu
272 2587 422 2654 adserere
445 2587 522 2654 dicit
545 2639 552 2654 .
577 2639 583 2654 .
607 2639 614 2654 .
639 2591 657 2654 .‘
680 2590 778 2655 Recte
800 2591 864 2655 iam
880 2591 1050 2657 Muellerus
1069 2590 1232 2678 perspexit
1246 2590 1279 2655 in

154 2691 296 2758 formula
330 2692 386 2757 illa
418 2693 563 2778 augurali
594 2692 634 2758 de
664 2713 760 2759 manu
798 2693 971 2760 asserendo
1002 2693 1123 2776 aliquid
1161 2693 1279 2759 dietum

154 2794 269 2862 fuisse.
306 2795 452 2878 Namque
476 2816 548 2861 cum
571 2802 666 2862 antea
688 2797 753 2860 iam
776 2798 816 2863 de
839 2818 934 2863 manu
954 2796 1127 2863 asserendo
1143 2797 1282 2882 disputa-

155 2905 225 2964 tum
247 2899 303 2984 sit,
333 2898 446 2965 eadem
469 2899 642 2986 disputatio
665 2899 727 2965 hae
749 2900 886 2966 formula
914 2901 1040 2985 prolata
1070 2900 1280 2991 continuatur.

154 3003 195 3068 In
226 3001 373 3086 augurali
402 3008 508 3068 autem
538 3003 710 3090 disciplina
738 3003 873 3071 assertio
902 3003 1030 3088 proprie
1060 3024 1124 3071 non
1153 3002 1216 3068 nisi
1247 3001 1280 3066 in

155 3104 403 3190 inauguratione
424 3106 583 3193 virginum
606 3106 781 3174 Vestalium
803 3127 863 3173 usu
885 3108 973 3172 venit
994 3127 1077 3190 quae
1106 3105 1281 3173 secundum

155 3206 331 3292 Gellium³)
355 3229 451 3275 manu
473 3209 631 3294 pontificis
655 3210 786 3275 maximi
808 3211 1024 3296 capiebantur.

245 3311 339 3390 Quod
361 3319 468 3378 autem
490 3313 590 3397 Marq.
615 3313 691 3399 (IV,
714 3313 803 3399 281.)
825 3313 973 3399 opinatur
995 3313 1175 3398 captionem
1198 3331 1281 3396 quae

225 3537 251 3606 1)
266 3535 337 3590 idem
354 3537 473 3606 pontifex
490 3539 575 3592 calata
593 3554 628 3592 ce.
647 3543 740 3592 vocata
756 3538 784 3592 in
802 3537 962 3606 Capitolium
978 3537 1057 3606 plebe
1082 3536 1156 3590 iuxta
1181 3536 1281 3590 euviam

155 3620 298 3678 Calabram
316 3623 425 3693 (Macr.).
438 3654 471 3663 -
482 3626 508 3694 2)
519 3624 619 3678 Theod.
633 3623 765 3692 Bergkius
776 3622 805 3677 in
816 3622 870 3677 ind.
884 3624 965 3678 schol.
980 3628 1044 3678 aest.
1056 3623 1116 3677 Hal.
1129 3621 1204 3675 1863.
1216 3637 1242 3690 p.
1256 3621 1280 3675 4.

154 3707 304 3764 secundum
315 3709 371 3763 Liv.
383 3709 404 3775 Ι,
416 3709 457 3763 24.
476 3715 573 3764 temere
586 3710 657 3763 hunc
667 3710 753 3764 locum
766 3709 803 3764 sie
815 3709 948 3779 suppleuit
959 3709 990 3775 ,si
1002 3709 1067 3763 mihi
1079 3711 1171 3763 auctor
1183 3723 1211 3762 es
1223 3722 1280 3762 uer-

152 3785 252 3850 ben'am
263 3809 344 3848 manu
362 3792 499 3850 asserere‘.
528 3795 623 3850 Refert
634 3796 704 3848 enim
716 3796 787 3850 bunc
798 3795 886 3849 locum
898 3811 952 3850 non
964 3801 1017 3850 tam
1029 3793 1063 3848 ad
1075 3809 1190 3862 augures
1203 3809 1281 3869 quam

153 3882 190 3937 ad
200 3879 306 3936 fetiales
318 3881 414 3948 quibus
432 3896 481 3935 suo
498 3881 585 3935 Marte
603 3882 631 3935 in
648 3897 779 3950 augurum
795 3882 885 3946 libris,
908 3885 1051 3950 praecepta
1066 3879 1205 3949 proposita
1223 3893 1281 3933 csse

154 3968 289 4021 coniectat
300 3981 370 4032 ‚nam
382 3966 504 4021 videntur
514 3983 644 4036 augurum
656 3967 717 4021 libri
729 3967 807 4021 etiam
820 3968 873 4022 alia
883 3983 949 4036 quae
961 3982 1015 4021 non
1028 3965 1061 4020 ad
1070 3966 1189 4035 ipsorum
1198 3980 1279 4031 augu-

155 4070 217 4109 rum
234 4052 323 4109 officia
339 4052 509 4121 pertinebant
525 4052 774 4123 comprehendisse.
787 4084 820 4093 -
832 4054 857 4122 3)
870 4053 891 4119 I,
909 4053 949 4107 12.
968 4052 1000 4107 cf.
1018 4053 1047 4107 L.
1061 4052 1091 4107 L.
1104 4053 1137 4108 H.
1150 4053 1171 4118 Ι,
1185 4051 1241 4105 115.
1259 4066 1279 4106 s.
