2880 4710
702 235 741 296 41

640 324 806 332 -—-——-.—-.

155 422 253 488 Festo
276 420 348 507 ipso
371 443 457 488 nova
479 423 638 505 quaedam
660 422 872 509 depromserit
894 443 978 507 quac
1001 444 1112 493 omnes
1139 445 1288 492 numeros

154 524 299 593 veritatis
323 525 452 611 explere
473 524 630 591 videntur.
654 566 695 574 -
719 527 865 593 Ceterum
889 528 1062 612 augurales
1089 528 1162 596 libri
1190 529 1288 594 etiam

155 628 222 695 alia
243 634 420 714 praecepta
442 627 615 695 tradidisse
637 628 785 695 videntur
808 630 925 712 quibus
940 630 1129 696 nominatim
1146 631 1175 696 ei
1191 632 1290 718 signi·

153 732 335 798 ficabantur
357 731 412 814 qui
434 731 632 817 spectionem
654 753 718 799 non
741 731 904 798 habebant
926 739 961 798 ut
982 739 1120 819 apparet
1150 753 1188 799 en
1211 735 1288 800 Var-

154 834 243 901 ronis
265 835 347 901 libro
371 853 465 918 quem
488 834 618 919 scripsit
641 836 681 901 de
702 835 781 921 ling.
805 835 876 900 Lat.
900 835 958 920 Vl,
983 830 1049 901 lt:
1079 843 1111 902 et
1139 836 1226 918 quod
1254 837 1288 903 in

155 937 309 1023 auspiciis
339 937 542 1002 distributum
572 943 621 1003 est
658 938 711 1020 qui
748 938 945 1024 spectionem
978 938 1099 1006 habent
1134 940 1188 1022 qui
1222 959 1288 1006 non

154 1040 317 1109 habeant.
556 1084 573 1118 ‚

241 1133 374 1229 F'ragm.¹
391 1145 501 1210 XXVI
516 1177 557 1200 2--
572 1143 714 1210 Macrob.
731 1143 799 1210 Sat.
823 1144 847 1228 1,
872 1145 922 1209 16.
937 1147 1006 1210 37.:
1028 1145 1176 1213 vitabant
1191 1149 1287 1214 etiam

155 1247 245 1314 feriis
268 1247 327 1327 (sc.
352 1248 421 1315 dies
443 1248 487 1314 ad
509 1248 595 1314 viros
624 1246 801 1326 vocandos)
833 1247 916 1313 sicut
937 1248 1039 1316 Varro
1068 1251 1103 1315 iu
1132 1269 1288 1336 augurum

154 1350 245 1419 libris
269 1351 381 1419 scribit
402 1351 436 1416 iu
459 1350 540 1417 haee
563 1353 677 1417 verba:
702 1353 809 1432 ‚viros
830 1368 950 1421 vocure
963 1354 1059 1419 feriis
1074 1371 1142 1420 non
1157 1360 1289 1436 oportet

154 1457 184 1520 si
205 1457 334 1523 vocant
355 1457 525 1537 piaculum
548 1460 638 1523 osto‘.

240 1556 337 1624 Nullo
365 1556 462 1624 modo
490 1557 621 1623 dubium
652 1577 724 1624 esse
753 1563 857 1643 potest
886 1559 962 1641 quin
993 1558 1054 1626 hoe
1082 1565 1289 1644 praeceptum

71 1716 85 1735 ,
155 1650 365 1744 auguralibus
393 1660 484 1726 libris
514 1661 737 1728 attribuamus.
781 1661 931 1743 Namque
960 1662 1087 1728 etiamsi
1113 1662 1175 1728 hoo
1204 1662 1289 1745 trag·

155 1769 297 1829 mentum
320 1763 520 1829 aMacrobio
536 1783 553 1829 e
570 1764 723 1830 Varronis
746 1763 972 1846 antiquitatum
987 1764 1069 1830 libro
1084 1765 1177 1831 tertio
1194 1784 1288 1847 quem

155 1865 198 1931 de
220 1866 396 1952 auguribus
419 1867 547 1951 scripsit
569 1866 747 1933 desumtum
765 1887 837 1933 esse
852 1867 1020 1932 statuimus
1036 1872 1175 1933 attamen
1192 1868 1288 1934 totius

154 1969 321 2056 praecepti
344 1970 433 2037 color
461 1971 694 2053 verborumque
722 1968 923 2037 sollemnium
953 1971 1096 2054 gravitas
1126 1969 1225 2036 efficit
1255 1978 1290 2037 ut

154 2071 332 2152 Varronem
355 2074 559 2159 auguralium
581 2072 733 2139 librorum
756 2078 962 2160 praeceptum
985 2072 1155 2156 protulisse
1185 2072 1289 2140 conici

155 2179 310 2259 oporteat.
363 2176 566 2259 Quamquam
595 2196 636 2242 ne
665 2197 726 2262 ego
762 2176 891 2260 quidem
925 2176 1031 2242 loeum
1066 2195 1180 2242 sanum
1217 2195 1288 2242 esse

154 2278 345 2362 putaverim.
389 2279 537 2362 Namque
559 2279 693 2365 pluralis
715 2299 867 2346 numerus
890 2298 1059 2365 ,augurum
1088 2278 1171 2344 libri‘
1201 2279 1288 2344 nullo

153 2381 251 2447 modo
282 2382 436 2469 explicari
466 2387 580 2468 potest.
630 2382 852 2477 Unppapenim
881 2381 997 2447 librum
1027 2381 1152 2446 tertium
1175 2400 1289 2446 ‘rerum

153 2483 335 2550 divinarum
358 2485 459 2551 Varro
483 2483 525 2550 de
547 2468 733 2570 auguri'bd's'
750 2484 880 2570 scripsit
910 2497 1015 2572 ireque
1043 2482 1178 2549 aliorum
1209 2483 1290 2550 eius-

154 2587 229 2652 dem
252 2586 293 2653 de
315 2587 489 2673 disciplina
511 2587 660 2673 augurali
681 2588 834 2654 librorum
859 2585 926 2651 ulla
947 2586 1086 2672 vestigia
1107 2592 1288 2670 supersunt.

156 2691 269 2773 Itaque
292 2689 457 2757 adsentior
471 2690 626 2757 Merkelio
650 2713 679 2755 v.
704 2689 735 2754 d.
759 2689 867 2772 quiin
890 2687 1288 2775 pr011.Fast.0vid.115.

153 2812 212 2877 pro
235 2793 290 2877 ,in‘
312 2793 441 2876 ‚inesse‘
464 2792 669 2860 scribendum
691 2793 850 2878 proponit.

241 2894 335 2973 Quod
356 2896 390 2960 in
413 2896 504 2962 libris
526 2895 587 2961 viri
610 2896 720 2963 vocari
741 2900 889 2961 vetantur
917 2895 1056 2980 pertinet
1085 2894 1128 2960 ad
1159 2894 1289 2961 comitia

156 2999 336 3064 centuriata
358 2998 469 3085 populi
484 3000 621 3065 Romani
644 2999 685 3065 cf.
701 2999 738 3063 L.
754 2999 791 3063 L.
808 2998 847 3064 H.
863 2999 888 3082 l,
912 3000 1092 3064 306-310.
1130 2996 1289 3064 Adscribe

154 3103 243 3168 locos
265 3101 388 3184 aliquot
410 3102 524 3185 quibus
547 3101 608 3168 hoc
630 3107 838 3187 praeceptum
860 3101 938 3166 iuris
955 3101 1121 3187 auguralis
1136 3100 1290 3166 illustrari

154 3204 274 3290 possit:
303 3205 372 3269 Liv.
396 3205 547 3289 XXXIV,
572 3204 621 3270 55.
667 3204 759 3271 Cass.
781 3203 844 3268 Dio
867 3204 1053 3281 XXXVIII,
1078 3206 1106 3268 6.
1152 3203 1217 3268 Cic.
1246 3201 1289 3267 ad

155 3307 215 3386 Qu.
243 3306 281 3371 fr.
310 3307 356 3392 11,
389 3309 417 3372 6.
449 3310 479 3373 4.
515 3308 575 3392 (Π,
606 3309 636 3370 4.
666 3309 697 3372 4.
727 3306 827 3389 Bait.)
864 3304 907 3371 ad
944 3306 1018 3371 sam.
1049 3306 1141 3390 VIII,
1179 3306 1228 3369 ll.
1259 3306 1287 3370 1.

155 3409 315 3476 Extremis
345 3415 453 3476 autem
482 3410 603 3477 liberae
633 3410 830 3496 reipublicae
857 3408 1055 3492 temporibus
1083 3429 1154 3474 cum
1192 3407 1288 3474 totius

156 3512 321 3597 religionis
344 3517 411 3578 tum
434 3512 626 3598 disciplinae
648 3512 813 3598 auguralis
843 3511 1017 3584 auotoritas
1046 3531 1178 3596 prorsus
1205 3510 1290 3576 labe-

154 3616 277 3681 factata
299 3622 357 3682 est.
396 3615 550 3682 Videmus
573 3616 657 3682 enim
681 3615 715 3680 O.
739 3613 906 3680 Manilium
921 3615 1080 3680 tribunum
1096 3613 1201 3697 plebis
1217 3633 1288 3678 cum

155 3739 242 3785 anno
265 3720 385 3800 687167
408 3718 714 3803 perniciosissimam
745 3717 850 3802 legem
881 3717 979 3783 ferret
1007 3723 1041 3782 ut
1069 3715 1226 3781 libertinis
1256 3715 1290 3778 in

156 3820 303 3888 omnibus
334 3822 480 3888 tribubus
516 3821 705 3908 suffragium
743 3822 864 3903 csset1)
901 3818 1001 3886 nihilo
1036 3818 1141 3885 secius
1178 3817 1290 3883 tulisse

224 4047 249 4113 1)
268 4043 343 4100 Cass.
363 4045 396 4098 D.
416 4043 546 4110 XXXVI,
564 4045 604 4100 25.
642 4045 674 4101 cf.
693 4045 722 4100 L.
741 4046 771 4098 L.
790 4042 824 4098 11.
842 4041 898 4109 ΙΙΙ,
915 4042 990 4098 214.1
