2880 4710
119 1311 228 1446 Apud
258 1378 368 1426 omnes
402 1359 470 1426 fere
503 1366 615 1444 gentes
651 1359 789 1443 antiquis
825 1325 1021 1446 temporibus
1057 1382 1097 1428 ea
1132 1362 1239 1449 opinio
1359 1348 1364 1357 ’

118 1465 283 1531 obtinebat
303 1470 338 1527 ut
353 1464 447 1530 certis
463 1463 655 1546 quibusdam
670 1462 772 1548 siguis
788 1469 883 1546 atque
899 1466 1031 1531 ostentis
1047 1466 1241 1531 voluntatem

119 1567 249 1633 deorum
279 1565 505 1631 immortalium
534 1585 569 1632 se
599 1567 794 1650 investigare
822 1586 919 1652 posse
949 1573 1045 1651 atque
1074 1568 1241 1654 explorare

118 1688 307 1757 persuasum
328 1668 483 1735 haberent
510 1676 653 1756 ‚gentem
682 1662 810 1752 quidem
839 1672 974 1756 nullam,
1004 1671 1107 1753 inquit
1128 1669 1240 1738 Cicero
1361 1682 1365 1687 ’

118 1773 175 1860 (de
197 1773 260 1840 div.
284 1773 316 1856 Ι,
340 1773 368 1836 1.
392 1771 437 1858 2.)
458 1772 551 1840 video
574 1793 678 1857 neque
699 1779 764 1839 tam
787 1773 961 1840 humanam
990 1779 1085 1855 atque
1112 1773 1240 1839 doctam

117 1896 221 1960 neque
242 1883 307 1942 tam
330 1875 501 1942 immanem
523 1883 652 1960 tamque
674 1877 845 1943 barbaram
867 1897 950 1960 qnae
972 1896 1037 1942 non
1067 1876 1241 1960 significari

119 1981 225 2046 futura
248 1985 279 2044 ct
300 1999 321 2044 a
343 1979 535 2062 quibusdam
557 1980 701 2066 intellegi
722 1980 937 2066 praedicique
959 1998 1056 2066 posse
1085 1981 1239 2045 censeat‘.

110 2075 276 2149 'Recenset
290 2081 442 2168 deinceps
458 2082 608 2168 Assyrios
623 2083 860 2168 praecipueque
872 2083 1052 2149 Chaldaeos
1065 2082 1241 2168 Aegyptios
1361 2072 1364 2079 ’

118 2186 234 2265 Cilices
249 2185 376 2258 Pisidas
390 2185 598 2271 Pamphyliae
607 2186 631 2272 ²)
654 2204 734 2268 quos
749 2186 866 2273 partim
881 2186 1022 2253 siderum
1037 2185 1240 2251 traiectiones

118 2298 285 2372 motusque
307 2288 422 2374 partim
445 2289 552 2356 avium
574 2289 699 2355 volatus
715 2294 890 2372 cantusque
905 2295 940 2354 ut
953 2288 1132 2356 certissima
1146 2287 1241 2371 signa

118 2413 221 2460 rerum
249 2392 428 2458 futurarum
457 2392 704 2458 observitavissc
732 2393 905 2459 memoriae
925 2391 1039 2461 tradit.
1090 2391 1150 2471 His
1186 2389 1264 2455 ad·

117 2495 308 2562 numerandi
335 2502 408 2562 sunt
430 2495 529 2562 Cares
538 2497 563 2582 2)
591 2495 677 2561 uude
698 2496 802 2562 Plinio
831 2501 911 2561 teste
938 2494 1055 2561 Graeci
1084 2493 1239 2578 originem

119 2599 309 2685 discipliuae
338 2598 503 2683 auguralis
530 2598 667 2664 traxisse
695 2597 851 2664 ridentur.
895 2598 1008 2680 Neque
1037 2617 1112 2664 vcro
1142 2599 1241 2663 nostri
1289 2641 1292 2646 -

119 2703 256 2769 maiores
278 2701 338 2767 hoc
360 2702 432 2768 loco
454 2700 680 2787 praetereundi
702 2708 777 2767 sunt
798 2720 878 2784 quos
901 2721 941 2767 ex
962 2700 1069 2766 avium
1098 2700 1241 2766 involatu

117 2825 223 2872 rerum
245 2805 421 2872 futurarum
444 2812 576 2872 eventus
598 2804 821 2890 interpretatos
843 2824 915 2871 csse
934 2804 1025 2870 testis
1040 2812 1089 2870 est
1102 2803 1241 2868 Ammia-

120 2929 180 2975 nus
195 2908 401 2974 Marcellinus
424 2916 455 2975 et
475 2908 570 2973 huius
592 2907 714 2972 sacculi
730 2908 897 2994 opiniones
912 2907 1099 2994 superstites
1115 2905 1242 2972 demon-

119 3017 229 3078 strant.
281 3009 325 3078 Ut
360 3019 560 3097 praeteream
592 3012 709 3077 Persas
746 3016 842 3092 atque
879 3009 990 3076 Gallos
1000 3011 1025 3097 ³)
1061 3029 1161 3096 pergo
1198 3009 1241 3074 ad

119 3115 261 3181 Graecos
284 3115 338 3198 qui
360 3114 482 3180 utalia
504 3113 648 3180 omittam
670 3133 741 3179 cum
764 3133 804 3179 ex
831 3112 939 3179 avium
968 3114 1110 3180 involatu
1118 3114 1146 3198 ,4)
1175 3118 1241 3176 tum

119 3238 159 3284 ex
181 3219 264 3284 caeli
285 3217 464 3303 fulguribus
485 3223 581 3300 atque
602 3216 784 3302 fragoribus
806 3216 913 3282 futura
935 3218 1025 3282 nosci
1046 3236 1143 3302 posse
1161 3206 1243 3281 arbi·
1339 3298 1342 3302 .

118 3322 293 3388 trahantur.
337 3321 485 3406 Longum
512 3326 561 3386 est
589 3320 717 3406 singula
745 3319 872 3386 adferre
901 3320 1047 3406 exempla
1076 3318 1133 3385 sed
1155 3317 1241 3383 <illud

118 3422 386 3510 praetercundum
408 3441 479 3488 esse
501 3443 565 3488 non
588 3430 664 3508 puto
688 3443 839 3507 magnam
861 3423 894 3488 in
916 3421 977 3489 hoc
1004 3443 1122 3509 genere
1149 3423 1242 3487 inter-

119 3527 233 3594 cedere
256 3525 494 3593 similitudinem
517 3525 599 3592 inter
621 3524 763 3592 Graecos
786 3531 818 3591 et
839 3518 938 3592 Italos
961 3526 1105 3592 homines
1134 3526 1180 3590 ita
1208 3529 1243 3589 ut
1359 3535 1361 3539 ’

119 3652 160 3699 ea
182 3631 290 3716 opinio
318 3622 354 3695 in
382 3628 600 3715 comparando
631 3648 691 3695 usu
720 3630 883 3712 utriusque
912 3629 1052 3696 nationis
1081 3628 1243 3694 oboriatur

119 3754 253 3802 necesse
275 3734 316 3800 sit
338 3754 358 3800 a
380 3731 540 3799 communi
561 3732 649 3800 fonte
671 3732 755 3798 hunc
777 3752 870 3799 usum
892 3752 964 3799 esse
984 3730 1193 3799 derivandum
1208 3732 1242 3796 in

189 3978 214 4043 1)
233 3974 329 4045 Lycios
346 3974 427 4029 adicit
445 3975 478 4028 de
495 3973 546 4027 div.
558 3973 580 4039 1,
593 3973 634 4027 15.
646 3974 687 4027 25.
701 4002 734 4012 -
745 3974 771 4041 2)
785 3972 853 4026 Pliu.
872 3978 925 4028 nat.
944 3973 1005 4026 hist.
1017 3972 1077 4037 VII,
1089 3972 1123 4026 56
1136 3971 1196 4038 (57),
1208 4000 1242 4009 -

118 4063 145 4130 3)
162 4061 194 4116 cf.
213 4061 267 4116 Cic.
286 4060 319 4114 de
337 4060 388 4115 div.
406 4061 434 4126 1,
450 4060 492 4115 41.
511 4090 544 4101 -
561 4059 588 4129 4)
607 4058 643 4114 cf.‘
658 4059 699 4113 od.
718 4060 745 4125 1,
763 4077 785 4114 v.
804 4058 863 4114 202.

994 4145 1033 4199 1⁸*

831 4246 848 4293 ι.
