2880 4710
695 204 736 264 tlt

153 394 248 473 Quod
271 413 342 459 eum
374 392 418 457 ita
448 391 490 455 sit
520 396 617 455 totum
647 410 773 457 versum
805 390 963 457 excidisse
991 389 1087 455 valde
1116 392 1298 475 probabile

152 506 211 563 est.
256 478 458 561 Rubinonom
482 500 609 560 secutus
632 491 957 577 estBeokems1)in
980 510 1018 557 eo
1041 490 1148 558 solum
1170 494 1298 565 discre-

152 620 235 686 pans
266 595 353 681 quod
384 597 417 661 in
448 596 559 661 ultimo
590 596 756 663 enuntiato
784 615 897 662 vocem
926 594 1020 677 ,aliis‘
1048 594 1148 662 latius
1176 606 1298 683 patere

153 702 264 768 statuit
294 719 391 783 quam
421 699 463 765 sit
490 718 637 781 aequom.
692 700 805 781 ltaque
835 696 979 764 Beckero
1008 697 1041 762 in
1079 718 1119 765 eo
1156 722 1298 788 prorsus

154 803 320 871 adsentior
341 801 428 886 quod
451 802 546 868 etiam
570 801 666 868 finem
689 800 783 866 huius
806 801 869 866 loci
899 800 1089 867 lacunosum
1118 822 1195 873 esse
1227 809 1297 895 opi·
1361 798 1365 803 ’

153 913 256 973 natur.
294 907 331 971 ln
353 904 416 971 hac
439 910 545 971 autem
560 904 679 970 lacuna
694 924 751 970 eos
766 904 951 970 nominatim
968 912 1174 973 enumeratos
1189 908 1297 979 fnisse

153 1017 230 1095 puto
253 1010 369 1092 quibus
393 1008 516 1092 spectio
538 1007 609 1073 sinc
632 1006 832 1073 nuntiatione
854 1006 932 1072 data
954 1008 1071 1091 erat2).
1108 1008 1298 1083 Rubinonis

153 1120 259 1179 autem
283 1117 474 1196 argumenta
496 1111 687 1196 impugnare
712 1115 847 1176 conatus
877 1115 926 1176 est
954 1109 1146 1178 adolescens
1170 1114 1299 1185 Vratis·

154 1214 308 1281 laviensis
331 1215 506 1281 Grosserus
530 1213 562 1278 in
587 1212 811 1279 dissertatione
836 1212 1018 1299 inaugurali
1041 1235 1137 1298 quam
1159 1220 1299 1306 scripsit

155 1317 196 1384 do
212 1317 378 1401 spectione
395 1322 426 1381 et
440 1315 649 1382 nuntiatione.
687 1314 753 1381 Sed
768 1315 943 1383 Grosserus
960 1317 1012 1400 qui
1028 1318 1297 1390 emendationem

154 1439 258 1506 paene
282 1420 452 1485 immanem
476 1418 606 1504 protulit
629 1419 656 1484 si
679 1417 757 1502 quid
778 1418 873 1485 video
896 1418 1074 1486 Rubinonis
1103 1423 1296 1507 opinionem

155 1522 242 1588 nullo
273 1520 369 1587 modo
400 1520 599 1588 labefactare
626 1523 739 1608 potuit.
784 1522 1001 1588 Mommsenus
1030 1543 1156 1608 quoque
1186 1527 1222 1592 in
1256 1551 1297 1598 eo

155 1624 237 1690 libro
268 1644 362 1708 quem
392 1624 433 1690 dc
463 1624 629 1711 republica
657 1626 874 1692 Romanorum
903 1626 1032 1711 scripsit
1065 1626 1296 1700 vehementius

156 1728 299 1794 secuisse
320 1727 398 1793 mihi
421 1727 548 1795 videtur
569 1748 666 1811 quam
689 1735 724 1794 ut
746 1727 882 1794 salutem
904 1728 976 1796 loco
1003 1729 1149 1798 attulisse
1176 1742 1298 1820 putan-

156 1830 216 1896 dus
239 1833 289 1897 sit.
328 1830 480 1917 Disputat
503 1832 587 1898 enim
604 1833 629 1916 l,
651 1853 683 1918 p.
700 1834 741 1898 32
764 1831 799 1896 in
814 1830 898 1897 hunc
914 1830 1060 1898 modum:
1082 1835 1206 1902 Ausser
1221 1837 1295 1906 Cic.

153 1935 235 2001 Phil.
265 1936 312 2013 Il,
348 1936 400 1999 32.
433 1936 486 2000 81.
516 1934 638 2001 welche
666 1935 766 2002 Stelle
795 1933 859 1999 den
888 1934 1205 2021 Hauptunterschied
1233 1941 1297 2009 der

154 2036 434 2123 magistratisohen
458 2037 588 2123 Speotio
610 2037 676 2103 und
699 2037 758 2104 der
784 2038 962 2121 auguralen
989 2039 1148 2107 nuntiatio
1180 2042 1300 2111 scharl'

155 2138 220 2206 und
243 2139 316 2205 klar
338 2138 646 2224 auseinandersetat‚
670 2131 932 2226 gehortlrierhcr
954 2140 1039 2209 noch
1060 2140 1113 2208 dic
1135 2143 1295 2230 folgende

154 2242 241 2308 ihrer
270 2242 483 2309 Verderbniss
511 2262 626 2328 wegen
656 2243 848 2328 schwierige
875 2243 942 2309 und
969 2264 1033 2309 von
1059 2244 1187 2312 Rubino
1222 2251 1295 2317 und

154 2346 286 2412 Andern
317 2345 407 2412 nieht
439 2346 603 2431 gluoklioh
640 2345 833 2413 behandelte
861 2345 960 2413 Stella
997 2346 1054 2413 des
1084 2347 1170 2423 Fest
1209 2352 1292 2418 333:

154 2450 286 2536 ‚spectio
310 2449 342 2514 in
366 2450 574 2536 auguralibus
597 2451 726 2535 ponitur
752 2471 810 2535 pro
840 2449 1036 2536 aspectione.
1067 2457 1100 2516 et
1128 2454 1293 2523 nuntiatio

156 2553 233 2636 quia
255 2573 349 2620 omne
369 2553 419 2619 ius
443 2573 605 2620 sacrorum
629 2553 749 2620 habent
771 2553 945 2639 auguribus
969 2553 1120 2639 competit
1147 2556 1185 2641 (l)
1215 2578 1294 2641 quo-

154 2677 223 2721 rum
254 2656 389 2723 consilio
419 2675 487 2721 rem
516 2664 664 2742 gererent
693 2656 900 2744 magistratus
927 2654 987 2722 hos
1011 2658 1049 2740 (t)
1085 2665 1119 2722 ut
1154 2670 1295 2744 possent

154 2759 311 2845 impedire
333 2758 512 2825 nuntiando
535 2778 755 2844 quaecumque
777 2758 944 2826 vidissent.
967 2765 999 2826 at
1014 2759 1064 2825 his
1079 2760 1203 2846 spectio
1219 2763 1293 2831 sine

155 2862 355 2929 nuntiatione
378 2862 455 2928 data
479 2870 528 2929 est
555 2870 589 2928 ut
618 2863 681 2948 ipsi
711 2861 857 2947 auspicio
886 2882 954 2928 rem
984 2870 1132 2947 gererent
1159 2884 1226 2930 non
1253 2874 1294 2933 ut

155 2965 238 3033 alios
276 2965 469 3052 impedirent
504 2964 703 3032 nuntiando‘.
756 2966 903 3048 Namque
932 2965 960 3032 si
996 2966 1108 3048 alibi⁸t
1145 2972 1294 3036 extrema

156 3070 257 3137 verba
279 3074 324 3153 ‚at
345 3068 395 3135 his
419 3068 553 3155 spectio‘
578 3088 647 3151 sqq.
670 3069 830 3154 respicere
853 3067 897 3134 ad
915 3069 1021 3155 legem
1037 3068 1185 3135 Clodiam
1201 3090 1292 3139 anno

156 3192 186 3238 a.
210 3192 239 3237 u.
263 3192 292 3237 o.
316 3171 378 3238 696
401 3171 500 3236 latam
525 3176 635 3238 censet
658 3192 721 3255 qua
743 3171 815 3257 lege
838 3192 902 3239 non
925 3174 1029 3238 minus
1053 3171 1207 3238 audacter
1235 3175 1293 3241 ob-

155 3275 387 3343 nuntiationem
411 3275 658 3362 magistratuum
681 3275 842 3341 sublatam
865 3294 1024 3360 augurum
1046 3280 1201 3342 retentam
1217 3296 1295 3346 esse

155 3378 247 3463 fingit
268 3378 319 3443 vel
341 3383 514 3463 propterea
536 3378 654 3444 falsum
678 3384 727 3444 est
749 3376 836 3460 quod
858 3383 925 3444 tota
941 3378 1029 3444 Festi
1052 3378 1226 3463 explicatio
1249 3402 1292 3448 ex

156 3480 364 3566 auguralibus
401 3480 490 3547 libris
528 3480 677 3548 desumta
714 3500 786 3547 csse
815 3480 941 3547 videtur
969 3482 1023 3564 qui
1052 3487 1119 3548 toto
1149 3482 1241 3551 caelo
1269 3506 1293 3551 a

156 3585 238 3670 legis
262 3582 397 3651 Clodiae
420 3590 452 3648 et
473 3590 616 3668 tempore
638 3591 670 3650 et
692 3590 808 3649 natura
831 3583 1024 3670 discrepant.
1049 3623 1089 3632 -
1112 3585 1227 3668 ltaque
1257 3589 1293 3653 ni

156 3686 265 3753 omnia
293 3706 344 3753 me
374 3686 491 3752 fallunt
518 3686 645 3753 Rubino
672 3687 760 3753 Festi
791 3687 896 3752 locum
926 3687 973 3754 ita
1002 3688 1152 3754 tractavit
1187 3693 1222 3753 ut
1259 3697 1291 3756 et

156 3780 338 3857 satisfaciat
365 3791 436 3856 loco
468 3788 680 3857 Ciceroniano
709 3792 769 3875 (or.
800 3787 881 3854 Phil.
910 3791 959 3875 ΙΙ,
996 3792 1048 3856 32.
1079 3790 1144 3877 81.)
1182 3797 1214 3857 et
1251 3814 1290 3859 ex

225 3929 250 3995 1)
266 3927 297 3981 a.
317 3927 353 3981 ru.
373 3926 412 3991 11,
430 3926 454 3979 a.
468 3926 508 3979 ta.
527 3924 588 3980 aon.
606 3926 664 3979 aar.
683 3927 760 3993 -·a)
778 3926 809 3982 a.
827 3925 859 3983 u.
879 3941 904 3997 p.
918 3926 958 3979 so.
977 3956 1011 3967 -
1029 3927 1056 3994 a)
1074 3928 1105 3981 a.
1125 3926 1150 3980 s
1169 3928 1190 3991 1,
1208 3944 1233 3997 p.
1247 3928 1290 3983 35.

155 4013 215 4071 adn.
234 4015 257 4068 2.
