2880 4710
154 447 299 529 quamvis
321 446 422 511 multa
443 446 575 528 antiqua
596 448 769 533 praecipue
789 446 875 533 apud
898 447 1073 512 Varronem
1096 432 1271 532 deprehenss

153 550 276 633 damus,
300 555 443 652 attameq
462 570 527 616 non
549 550 658 617 dubito
681 552 757 633 quin
780 552 880 617 verba
902 550 1052 616 librorum
1068 551 1271 636 auguralium

153 653 249 719 etiam
272 651 369 718 multo
392 652 595 720 vetustiorem
618 673 730 720 sonum
754 654 961 721 exhibuerint.
1005 654 1153 740 Exempli
1175 675 1277 721 causa

152 757 320 822 Liuianum
350 756 492 840 ‚Romae‘
521 757 638 841 affero,
668 756 753 840 quod
780 777 874 823 nemo
904 756 963 822 erit
993 757 1069 839 quin
1103 778 1124 822 a
1161 778 1273 844 regum

152 859 347 945 temporibus
370 859 511 925 alienum
533 880 604 927 esse
627 866 767 946 censeat,
789 861 902 944 quibus
925 859 994 925 sine
1016 859 1113 926 dubio
1137 848 1273 945 ‚Romai‘

152 962 411 1048 pronuntiabant,
433 982 516 1045 quae
534 963 639 1029 forma
653 983 695 1029 ne
709 964 816 1030 titulos
832 962 1017 1048 Scipionum
1032 982 1276 1030 commemorem

153 1068 204 1133 vel
226 1085 327 1149 usquc
349 1065 393 1131 ad
414 1065 607 1132 Lucretiana
627 1072 773 1151 tempora
794 1067 829 1132 in
849 1086 908 1133 usu
936 1066 1040 1132 fuerit.
1082 1065 1178 1151 Apud
1199 1067 1278 1132 Var-

152 1189 263 1237 ronem
287 1175 392 1236 autem
415 1169 448 1234 in
470 1168 606 1234 formula
629 1169 739 1255 templi
762 1169 882 1235 effandi
907 1168 1023 1255 legitur
1050 1168 1170 1254 ‚lingua
1198 1190 1277 1236 nun·

153 1273 324 1358 cupavero‘
346 1273 491 1354 quamvis
513 1274 575 1339 illis
597 1273 793 1358 temporibus
816 1272 930 1355 quibus
947 1270 1032 1361 ¹haee
1054 1272 1191 1338 formula
1206 1279 1277 1339 orta

154 1395 225 1442 esso
248 1375 359 1458 debet,
388 1376 528 1441 nondum
551 1376 658 1442 littera
681 1377 701 1442 d
724 1374 858 1442 ablativi
880 1375 1006 1440 abiecta
1027 1395 1099 1441 esse
1127 1377 1274 1460 potuerit.

152 1478 257 1561 Atque
282 1477 485 1544 confirmatur
506 1478 587 1545 haec
610 1479 717 1565 opinio
740 1477 924 1564 Symmachi
952 1478 1130 1545 testimonio
1159 1481 1213 1561 qui
1243 1480 1277 1544 in

154 1583 245 1668 epist.
281 1581 345 1665 111,
381 1581 431 1645 45.
469 1581 621 1649 librorum
659 1581 860 1667 auguralium
899 1582 998 1647 verba
1036 1601 1107 1647 eum
1143 1582 1277 1648 Saliaris

153 1684 302 1751 carminis
325 1683 556 1769 duodecimque
578 1685 758 1751 tabularum
772 1683 908 1749 'dicendi
931 1705 1047 1769 genere
1070 1686 1241 1770 componit.

238 1789 342 1873 Pergo
365 1787 407 1853 ad
431 1809 501 1854 eam
524 1788 773 1874 appellationem
795 1806 860 1870 qua
874 1787 945 1853 libri
962 1787 1091 1870 quidam
1106 1789 1276 1873 augurales

154 1894 384 1959 commentarii
421 1891 632 1976 appellantur.
692 1891 874 1976 Disceptari
911 1910 990 1956 sane
1026 1896 1130 1976 potest
1173 1898 1277 1956 utrum

155 1993 453 2061 commentariorum
477 1995 693 2080 appellatione
715 1993 801 2060 idem
827 1993 900 2058 libri
921 1992 1092 2081 augurales
1109 1993 1278 2076 dequibus

154 2097 251 2163 modo
284 2095 422 2162 diximus
451 2117 493 2161 an
524 2095 611 2162 aliud
641 2117 743 2181 genus
771 2097 920 2163 librorum
950 2096 1199 2181 intellegendum
1227 2098 1278 2163 sit.
1331 2136 1334 2142 ·

157 2201 204 2266 Ac
227 2199 364 2285 primum
395 2198 523 2280 quidem
546 2198 582 2265 Ο.
606 2192 776 2266 Muellerus
784 2203 809 2283 1)
845 2199 965 2265 nullum
996 2198 1166 2265 discrimen
1195 2200 1277 2266 inter

157 2309 323 2385 utrumque
344 2320 446 2387 genus
468 2301 665 2369 intercedere
687 2302 787 2370 docet.
824 2303 1027 2369 Recentiores
1050 2309 1156 2368 autem
1177 2303 1278 2368 critici

159 2405 214 2489 qui
244 2405 305 2470 hac
342 2404 453 2471 dere
489 2404 745 2491 disputaverunt,
782 2405 1018 2488 Ambrosohii2>
1055 2406 1275 2471 auctoritatem
1325 2404 1332 2416 '

157 2508 258 2574 secuti
266 2506 301 2573 id
311 2507 482 2573 discrimen
492 2507 688 2574 intercedere
700 2508 939 2593 contenderunt,
949 2513 984 2573 ut
994 2509 1092 2574 libros
1104 2508 1275 2593 augurales

155 2611 356 2696 precationes
392 2610 544 2678 formulas
581 2619 815 2697 praeceptaque
852 2610 1009 2695 quaedam
1054 2612 1276 2694 antiquissima

156 2716 317 2782 continere
339 2721 519 2799 censerent,
548 2715 582 2779 in
609 2716 845 2782 commentariis
868 2724 972 2782 autem
1000 2714 1089 2780 facta
1117 2714 1276 2796 quaedam

156 2816 414 2907 memorabiliora
442 2822 591 2883 enarrata
619 2817 718 2884 fuisse
746 2819 928 2903 putarentss)
964 2819 1074 2901 eisque
1104 2818 1276 2885 adsentior.

156 2920 322 2987 Adductus
358 2925 465 2985 autem
502 2941 572 2986 sum
608 2920 640 2986 in
677 2941 748 2986 eam
785 2921 973 2987 sententiam
1010 2921 1164 3008 imprimis
1205 2920 1275 2987 loco

156 3026 310 3092 Serviano
333 3023 376 3089 ad
390 3024 470 3089 Aen.
493 3025 519 3108 Ι,
543 3025 636 3090 398.;
660 3024 760 3108 ,multi
775 3030 883 3090 tamen
899 3032 1045 3091 asserunt
1060 3044 1179 3111 cycnos
1195 3024 1277 3089 inter

156 3130 326 3215 augurales
350 3145 426 3194 aves
448 3148 512 3193 non
534 3127 671 3194 inveniri
693 3147 795 3211 neque
816 3129 1022 3214 auguralibus
1043 3127 1277 3195 commentariis

157 3252 266 3299 eorum
288 3252 405 3298 nomen
427 3229 559 3296 illatum.
604 3230 669 3296 Sed
690 3230 723 3296 in
745 3231 834 3297 libris
857 3231 1029 3299 reconditis
1058 3231 1175 3297 lectum
1206 3250 1277 3297 esse

156 3355 253 3422 posse
275 3334 448 3418 quamlibet
470 3354 562 3399 avem
586 3334 765 3420 auspicium
787 3336 931 3401 attestari
953 3334 1091 3402 maxime
1113 3335 1189 3417 quia
1211 3355 1276 3400 non

156 3439 327 3524 poscatur!
376 3437 442 3501 Iam
473 3457 571 3523 supra
600 3437 734 3522 exposui
760 3459 825 3505 non
855 3458 926 3505 esse
955 3458 1085 3505 oausam
1122 3457 1178 3503 cur
1214 3437 1274 3502 boe

156 3546 362 3626 praeceptum
385 3539 427 3605 ad
450 3540 549 3607 libros
571 3541 776 3608 Etruscorum
797 3541 971 3633 referamus
993 3542 1181 3628 praesertim
1204 3559 1275 3604 cum

155 3647 225 3730 ipsc
247 3643 378 3709 Servius
406 3642 553 3717 adden.
583 3645 629 3728 II,
661 3646 732 3710 691.
764 3664 858 3729 quam
888 3645 1027 3711 maxime
1056 3644 1203 3731 apposite
1234 3642 1277 3707 ad

156 3752 299 3813 nostram
328 3746 519 3813 sententiam
547 3746 608 3814 hoc
636 3747 742 3832 ipsum
780 3754 985 3834 praeceptum
1019 3749 1112 3830 quasi
1140 3746 1277 3812 Romani

225 3989 249 4057 1)
267 3987 305 4042 M.
323 3987 355 4041 Ε,
373 3987 413 4052 II,
438 4003 463 4055 p.
482 3986 540 4040 122.
564 4016 597 4027 -
618 3989 644 4057 2)
662 3987 725 4042 Atb.
744 3987 908 4054 Ambrosch„
933 3987 966 4043 de
989 3987 1071 4044 sacris
1093 3987 1166 4043 Rom.
1189 3986 1275 4047 libris.

157 4074 265 4134 Vratisl.
284 4074 363 4143 p.12.
382 4073 413 4126 11.
432 4073 491 4127 adn.
505 4073 546 4126 52.
566 4102 598 4112 —-
616 4075 643 4142 3)
660 4075 690 4127 L.
702 4075 733 4129 L.
745 4075 778 4129 H.
797 4076 818 4141 1,
830 4075 888 4128 292.
914 4074 1016 4128 Teuffel
1029 4077 1061 4128 H.
1075 4075 1105 4129 L.
1117 4073 1162 4127 R?
1179 4091 1204 4143 p.
1217 4073 1275 4128 117.
