2880 4710
602 901 808 1015 ‚Vita

240 1176 344 1242 Natus
367 1194 436 1240 sum
460 1176 653 1243 Francisous
669 1176 820 1241 Albertus
835 1174 958 1240 Brause
982 1175 1015 1239 in
1037 1175 1108 1241 vieo
1125 1175 1286 1243 Saronico
1383 1156 1405 1189 '¹

67 1303 70 1307 ’
154 1278 204 1342 oui
227 1285 416 1345 nomen-est
432 1256 646 1363 'Spahnsdorf
665 1297 766 1362 prope
789 1278 932 1363 Lipsiam
957 1297 985 1341 a.
1010 1276 1040 1341 d.
1058 1277 1111 1342 VI.
1127 1278 1175 1343 Id.
1191 1278 1284 1344 Mart.

23 1435 27 1439 .
154 1382 231 1446 anni
253 1381 284 1446 h.
308 1401 333 1447 0.
355 1382 427 1446 LII.
451 1389 543 1467 patre
565 1380 738 1447 Frederieo
762 1378 945 1446 Christiano
969 1384 1070 1446 matre
1092 1380 1241 1466 Augusta
1268 1401 1286 1447 e

152 1490 248 1568 gente
269 1483 497 1551 Lindneriana.
542 1484 637 1550 Fidei
659 1503 731 1549 sum
754 1482 903 1549 addictus
927 1468 1145 1568 evangelioae.
1190 1484 1284 1551 Anno
1324 1551 1326 1555 .

122 1585 183 1652 ·h.
203 1607 240 1653 s.
270 1586 376 1652 LXIV
412 1593 559 1672 receptus
597 1608 667 1663 sum
704 1586 736 1651 in
775 1584 919 1652 soholam
956 1586 999 1652 ad
1027 1585 1103 1652 Divi
1140 1587 1284 1654 Thomas

153 1689 355 1774 Lipsiensem
378 1709 462 1772 quae
483 1690 520 1755 F.
537 1692 573 1757 A.
597 1688 773 1756 uoksteino
796 1695 919 1754 restore
939 1688 1116 1754 laetissime
1137 1687 1282 1755 florebat.

127 1823 129 1826 ⁴
152 1793 236 1858 Dein
259 1813 345 1859 anno
368 1791 398 1858 h.
416 1813 440 1860 s.
457 1793 566 1858 LXXI
589 1792 656 1858 adii
679 1792 920 1858 universitatem
936 1790 1123 1857 litterariam
1139 1790 1284 1876 Lipsien-
1413 1782 1416 1789 ’

151 1914 220 1962 00111
242 1894 440 1980 philologiae
463 1916 595 1982 operam
617 1895 760 1962 daturus.
804 1896 898 1960 Anno
922 1899 1029 1959 autem
1056 1892 1087 1958 h.
1111 1914 1136 1958 s.
1160 1893 1283 1959 LXXII

151 1998 399 2083 Argentoratum
421 2019 472 2065 me
496 1999 616 2066 contuli
638 1999 693 2063 ubi
715 1996 758 2063 ad
780 1997 942 2082 stipendia
964 1996 1116 2063 facienda
1137 2015 1195 2081 per
1217 1995 1282 2063 duo

150 2100 318 2167 semestria
341 2120 467 2166 cursum
494 2100 670 2168 studiorum
699 2101 930 2184 interrumpere
960 2101 1110 2186 cogebar.
1147 2098 1282 2176 'Quam-

79 2267 80 2271 ,
152 2224 248 2285 quam
271 2205 500 2289 Baumgarteni
527 2204 655 2271 soholas
683 2203 854 2268 historicas
878 2201 1153 2294 Studemundique
1180 2202 1281 2268 00010-

64 2361 69 2370 .
150 2312 249 2372 tatem
270 2307 453 2372 Plautinam
475 2306 686 2390 frequentavi.
723 2305 869 2388 Denique
889 2325 998 2373 rursus
1014 2305 1159 2391 Lipsiam
1181 2325 1283 2373 rever·
1323 2310 1325 2314 '

151 2428 206 2475 sus
229 2408 348 2475 soholis
371 2410 501 2477 interlui
522 2409 674 2476 Ahrensii
696 2407 797 2474 Curtii
818 2407 1001 2474 Drobisohii
1017 2406 1187 2474 Fritzsohii
1200 2407 1283 2474 Esk-

151 2511 247 2589 steini
275 2513 452 2578 Hermanni
480 2513 598 2598 Langii
632 2510 819 2578 Leuokartii
851 2510 955 2596 Lipsii
989 2511 1082 2576 Pauli
1116 2509 1284 2577 Ritsehelii

150 2612 367 2700 Struempellii
387 2615 506 2700 Voigtii
521 2615 672 2682 Wenokii
693 2612 854 2680 Zarnokii.
899 2613 1154 2681 Exercitationes
1177 2619 1283 2679 autem

152 2716 353 2799 frequentavi
381 2719 544 2785 societatis
567 2718 758 2803 Langianae
784 2722 817 2782 01
838 2715 1029 2801 Lipsianae‚
1061 2717 1108 2781 fui
1137 2736 1195 2800 per
1221 2715 1283 2782 tria
1382 2740 1386 2745 ·

152 2821 320 2886 semestria
341 2841 418 2888 sem.
441 2820 519 2906 phil.
543 2842 609 2907 reg.
633 2821 739 2888 socius
762 2818 831 2885 ord.
853 2839 912 2904 per
933 2822 996 2886 tria
1018 2819 1186 2886 semestris
1204 2839 1283 2885 sem.

124 2965 127 2969 -
150 2923 246 3008 paed.
270 2943 336 3010 reg.
358 2925 518 2990 extraord.
555 2924 713 2991 Omnibus
728 2921 778 2987 his
794 2922 872 2987 viris
887 2923 1044 3008 imprimis
1059 2923 1140 2988 Lud.
1157 2923 1283 3008 Langio

151 3032 183 3092 01
197 3027 250 3093 Fr.
263 3027 488 3094 A..Eoksteino
499 3029 622 3114 'optime
638 3027 679 3095 de
694 3046 746 3092 me
760 3025 881 3091 meritis
897 3026 1019 3110 gratias
1034 3047 1097 3112 ago
1114 3026 1282 3093 maximas.
