2880 4710
695 221 799 317 et-..-

159 411 201 496 11,
224 409 291 495 30.)
313 407 347 474 id
363 406 601 475 eoncedendum
617 427 689 474 esse
703 409 833 494 negavit
847 416 1018 494 propterea
1034 409 1119 492 quod
1134 412 1288 480 mulieres

158 515 190 580 in
214 512 352 580 comitiis
374 511 489 578 adesse
511 513 702 577 vetabantur
723 512 809 579 baud
824 513 892 579 seio
908 533 951 578 an
965 512 1113 578 Vestales
1127 554 1168 562 —
1184 516 1290 582 filiae-

159 617 288 684 lamilas
309 614 420 701 populi
447 615 583 681 Romani
605 655 645 662 —
668 636 708 681 ea
735 617 807 701 lege
836 623 990 701 exceptae
1018 617 1143 682 luerint.
1188 618 1288 696 Quod

157 722 185 787 si
208 721 280 803 quis
302 725 400 804 negat
421 720 517 784 etiam
539 717 619 784 illud
633 726 738 804 potest
753 720 888 806 eogitari
903 740 967 785 non
981 725 1047 784 tam
1063 718 1170 787 curias
1185 741 1287 805 quarn

157 825 283 891 liotores
314 822 465 891 euriatios
493 822 527 886 in
555 822 739 889 Vestalibus
768 823 1000 910 inaugurandis
1030 821 1178 890 adhiberi
1209 845 1284 892 esse

156 928 277 994 solitos.
315 929 361 993 Ae
384 946 425 991 ne
446 925 501 993 illo
524 924 654 1008 quidem
676 933 862 1014 argumento
886 927 961 992 mibi
975 927 1136 1011 persuasit
1151 929 1288 995 Momm-

156 1050 253 1097 senus
289 1027 376 1113 quod
409 1028 497 1114 apud
535 1030 766 1096 iureconsultus
793 1029 878 1116 (Gai.
906 1031 936 1114 Ι,
973 1031 1044 1095 130.
1075 1029 1148 1115 Ulp.
1176 1033 1219 1096 X.
1248 1036 1285 1114 5)

153 1134 317 1199 flaminum
339 1133 617 1217 inaugurationem
632 1153 702 1198 oum
713 1132 889 1199 Vestalium
904 1133 1053 1218 captione
1068 1134 1114 1198 ita
1129 1136 1283 1220 pomponi

154 1237 233 1304 dieit
262 1244 296 1302 ut
317 1236 463 1304 Vestales
485 1257 550 1303 non
579 1236 788 1321 inauguratas
818 1256 889 1303 esse
919 1243 1084 1322 appareat.
1132 1237 1284 1321 Namque

154 1342 224 1407 sine
253 1339 352 1406 dubio
379 1340 426 1405 illi
459 1339 664 1407 iureconsulti
700 1340 796 1406 etiam
831 1338 976 1404 flamines
1014 1340 1088 1424 oapi
1124 1340 1285 1408 dixissent

153 1444 217 1508 nisi
240 1442 368 1527 proprie
389 1442 538 1527 eapiendi
553 1443 684 1509 verbum
700 1443 743 1508 ad
757 1443 899 1527 virgines
916 1441 1060 1508 Vestales
1075 1444 1284 1529 pertinuisset

156 1545 251 1633 (Gell.
276 1546 306 1630 l,
337 1547 401 1628 12.)
425 1584 464 1592 -
488 1545 553 1611 Sed
577 1546 673 1612 etiam
695 1546 834 1630 reliquos
857 1547 884 1611 si
914 1547 968 1629 qui
997 1545 1078 1613 forte
1108 1555 1283 1633 supersunt

153 1649 338 1715 sacerdotes
368 1649 578 1733 inauguratos
608 1669 679 1716 esse
708 1650 799 1716 testis
829 1656 878 1714 est
908 1649 1019 1715 Cicero
1051 1652 1104 1732 qni
1140 1671 1281 1736 augures

153 1774 263 1819 omnes
287 1753 415 1818 omnino
439 1753 621 1821 sacerdotes
644 1773 804 1839 augurare
826 1751 859 1816 id
881 1760 929 1818 est
949 1755 1141 1838 inaugurare
1157 1754 1281 1841 iubetl)

154 1863 186 1921 et
214 1856 389 1941 Dionysius
420 1856 490 1922 sine
520 1855 616 1922 dubio
652 1857 702 1921 sui
733 1857 884 1941 temporis
921 1876 1025 1922 mores
1059 1857 1202 1939 ritusque
1237 1858 1282 1925 ad

151 1960 318 2025 Romulum
347 1960 532 2044 referens2).
584 1961 732 2042 Namque
761 1958 846 2042 quod
874 1960 984 2026 Labeo
1015 1959 1102 2044 apud
1139 1959 1281 2028 Gellium

154 2063 223 2147 XV,
247 2065 289 2127 27
312 2062 423 2127 seribit
445 2063 562 2147 ,calata
584 2064 713 2129 eomitia
736 2082 807 2129 esse
829 2082 911 2146 quae
933 2085 991 2148 pro
1014 2061 1160 2147 conlegio
1175 2066 1281 2148 ponti-

153 2165 247 2231 fieum
283 2164 442 2231 habentur
478 2173 533 2230 aut
569 2167 654 2250 regis
691 2172 746 2231 aut
781 2166 944 2231 flaminum
980 2166 1280 2250 inaugurandorum

154 2269 263 2335 eausa‘
288 2268 334 2332 ita
363 2267 588 2354 explicandum
619 2289 690 2335 esse
719 2269 796 2334 milri
824 2269 949 2335 videtur
984 2275 1018 2334 ut
1046 2271 1281 2355 posterioribus

152 2371 347 2458 temporibus
371 2372 472 2437 solum
495 2372 528 2436 in
551 2392 626 2459 rege
649 2392 812 2438 saerorum
834 2380 865 2438 et
887 2372 1069 2438 flaminibus
1084 2373 1281 2458 inauguran-

153 2475 203 2542 dis
226 2475 333 2541 ealata
355 2475 486 2541 comitia
507 2476 631 2561 habita,
661 2477 693 2541 in
717 2476 831 2542 esteris
854 2484 958 2541 autem
982 2474 1202 2542 sacerdotibus
1233 2480 1281 2544 in-

154 2578 352 2664 augurandis
375 2578 478 2645 solum
499 2578 627 2646 lietores
650 2579 801 2646 curiatios
824 2579 985 2645 adhibitos
1001 2599 1072 2645 esse
1087 2585 1277 2648 statuamus.

150 2682 390 2766 Antiquioribus
405 2689 512 2749 autem
526 2683 723 2768 temporibus
743 2702 816 2748 cnm
831 2702 979 2749 numerus
995 2681 1194 2749 sacerdotum
1211 2706 1279 2753 non

152 2791 273 2850 tantum
297 2786 483 2852 increvisset
507 2807 616 2853 omnes
647 2786 830 2853 sacerdotes
860 2787 892 2850 in
921 2786 1034 2852 ealatis
1063 2786 1199 2854 eomitiis
1231 2789 1278 2854 in-

151 2896 342 2975 auguratos
364 2909 436 2955 esse
461 2889 597 2955 libenter
625 2889 783 2974 Dionysio
812 2887 1032 2955 concedemus.
1086 2888 1180 2967 Quod
1206 2898 1278 2958 utut

152 2998 214 3058 est.
231 2992 309 3058 illud
342 2999 427 3059 certe
455 3013 547 3059 nemo
578 2993 773 3059 Mommseno
802 2992 999 3058 adsentietur
1026 2994 1111 3076 quod
1141 2994 1278 3083 inaugu-

151 3096 305 3162 rationem
329 3096 520 3180 reliquorum
545 3096 743 3163 sacerdotnm
767 3096 907 3181 exeeptis
930 3116 1005 3181 rege
1034 3103 1065 3162 et
1091 3096 1275 3167 flaminibus

151 3200 233 3267 tollit
254 3206 310 3266 aut
331 3201 377 3266 ita
400 3201 513 3266 saltem
536 3200 703 3285 impugnat
724 3207 758 3264 ut
780 3219 883 3284 paene
906 3197 986 3263 nibil
1007 3199 1092 3265 aliud
1116 3201 1276 3284 relinquat

151 3324 246 3387 quam
270 3303 312 3369 ad
333 3324 426 3369 saera
441 3304 641 3370 vocationem
657 3303 826 3387 qnamdam
843 3322 907 3385 qua
922 3302 1079 3385 quomodo
1095 3304 1275 3372 certissima

151 3408 334 3473 testimonia
363 3406 513 3492 expedire
541 3407 618 3474 velit
646 3406 715 3491 ipse
742 3394 860 3472 videat.
887 3445 929 3455 -
957 3404 1050 3483 Quod
1078 3426 1154 3473 vero
1171 3408 1274 3492 Marq.

151 3510 217 3593 (lV.
242 3511 328 3596 351.)
352 3510 628 3595 inaugurationem
651 3508 850 3576 sacerdotum
874 3510 906 3574 in
931 3508 1002 3575 loro
1030 3509 1171 3576 habitam
1201 3518 1275 3579 esse

150 3613 321 3680 arbitratur
354 3614 457 3698 magis
495 3614 601 3699 posuit
637 3635 732 3698 quam
769 3612 926 3699 probavit.
977 3613 1100 3679 Etenim
1133 3634 1202 3679 oum
1233 3636 1275 3682 ex

150 3736 261 3801 regum
284 3715 576 3803 inaugurandorum
598 3718 668 3785 loeo
691 3717 711 3782 i.
741 3737 767 3782 e.
797 3716 878 3782 eolle
901 3715 1081 3801 Capitolino
1111 3717 1167 3802 (of.
1190 3718 1273 3786 Plnt.

152 3827 183 3886 et
205 3820 281 3885 Zon.
304 3820 336 3885 ll.
360 3820 408 3906 ll.)
431 3826 496 3885 tum
519 3840 558 3886 ex
579 3820 770 3903 quibusdam
786 3819 858 3886 aliis
873 3819 1062 3886 testimoniis
1078 3821 1274 3889 eontrarium

220 4043 245 4109 1)
263 4043 296 4096 de
313 4043 363 4112 leg.
381 4042 421 4109 ΙΙ,
440 4043 463 4097 8.
482 4043 523 4096 20.
542 4074 575 4083 -
592 4045 619 4113 2)
637 4045 715 4100 Dion.
734 4045 774 4110 Π,
792 4044 832 4098 22.
851 4042 882 4098 cf.
900 4043 931 4096 B.
951 4043 987 4097 M.
1006 4043 1052 4108 IV,
1069 4045 1128 4100 351.
