2880 4710
638 229 801 327 Ar..

155 417 238 482 Tum
261 415 385 502 peregit
405 416 510 483 verbis
533 416 679 502 auspicia
701 437 783 502 quae
805 417 885 482 mitti
909 418 1004 485 vellet
1029 417 1144 500 quibus
1174 418 1279 485 missis

155 520 338 587 declaratus
361 539 416 586 rex
437 521 544 586 Numa
567 520 608 586 de
629 521 747 606 templo
770 520 959 589 descendit‘

326 621 366 687 cf.
385 623 427 688 M.
447 622 483 688 Ε.
502 625 544 708 ΙΙ,
561 625 633 690 128.
661 625 698 689 R.
720 624 757 690 U.
779 627 829 691 70.
859 626 895 692 B.
914 625 1025 710 mlv,
1047 625 1120 690 358.
1137 624 1211 691 adn.
1228 626 1279 690 99.
1347 702 1350 706 ‚

364 726 401 791 L.
424 726 461 790 L.
484 726 525 791 H.
547 729 572 811 I,
596 729 668 793 263.
712 730 754 794 Μ.
777 729 815 794 R.
838 727 870 795 S.
894 728 918 812 Ι,
943 730 993 794 24.

240 830 359 897 Priscis
388 830 585 915 temporibus
615 851 707 916 reges
737 832 854 899 deinde
880 852 956 899 vero
994 830 1123 916 regibus
1159 833 1280 897 exactis

156 934 340 1002 sacerdotes
374 933 485 1018 populi
511 933 647 1000 Romani
685 937 892 1020 inauguratos
930 954 1001 1002 esse
1037 953 1131 1001 nemo
1168 934 1279 1000 nescit.

158 1038 285 1104 Etenim
307 1040 340 1103 in
362 1036 609 1122 inauguratione
632 1037 710 1104 deos
735 1038 945 1104 consulebant
967 1044 1070 1104 utrum
1091 1036 1143 1102 vel
1173 1057 1281 1122 regem

158 1161 251 1226 quern
273 1141 410 1227 populus
438 1148 605 1206 creaverat
633 1161 740 1227 regem
771 1161 843 1208 esse
871 1143 989 1209 vellent
1016 1140 1067 1207 vel
1095 1141 1280 1207 sacerdotes

159 1264 247 1328 qnos
262 1244 399 1329 collegia
422 1250 611 1330 cooptarant
630 1264 686 1310 seu
702 1246 845 1333 pontifex
860 1246 1018 1311 maximus
1034 1250 1163 1330 ceperat
1178 1263 1281 1309 sacer-

154 1349 247 1415 dotes
277 1366 348 1413 esse
377 1347 603 1439 permitterent.
655 1349 862 1434 lnauguratio
892 1355 997 1414 autem
1026 1353 1175 1431 quattuor
1212 1346 1281 1414 sive

156 1453 296 1536 quinque
323 1451 468 1536 partibus
498 1451 676 1517 continetur
705 1469 786 1535 quas
817 1457 1019 1518 enumeratas
1055 1449 1157 1518 habes
1194 1450 1281 1535 apud

154 1555 291 1620 Livium.
328 1553 393 1619 Sed
416 1554 602 1639 priusquam
625 1554 667 1619 ad
690 1574 746 1621 cas
768 1561 876 1641 partes
898 1575 1030 1642 pergam
1054 1554 1095 1620 de
1118 1573 1157 1619 co
1173 1553 1280 1638 dispu-

154 1659 289 1726 tandum
313 1663 361 1724 est
383 1656 469 1740 quod
491 1657 600 1723 Livius
623 1677 731 1743 regem
753 1658 863 1725 sedem
893 1659 1017 1744 cepisse
1044 1657 1087 1723 ad
1116 1656 1281 1722 meridiem

155 1776 317 1847 augurem*
338 1761 381 1826 ad
410 1760 564 1826 orientem
593 1779 720 1826 versum
749 1769 868 1828 narrat.
912 1763 1059 1844 Namque
1088 1760 1213 1826 etiamsi
1240 1759 1282 1825 de

156 1884 280 1950 augure
301 1884 365 1929 non
388 1863 494 1929 verbis
517 1862 644 1929 disertis
667 1863 811 1931 declarat
832 1871 973 1931 attamen
995 1885 1035 1930 ex
1057 1883 1095 1931 eo
1122 1862 1282 1948 colligitur
1325 1941 1327 1945 ¹

156 1967 244 2051 quod
265 1967 350 2033 idem
373 1986 475 2050 augur
497 1967 531 2031 in
553 1967 626 2052 ipsa
640 1967 777 2033 formula
791 1967 920 2034 dextras
936 1967 979 2033 ad
994 1965 1159 2034 meridiem
1173 1972 1281 2051 partes

156 2073 267 2137 laevas
296 2069 339 2136 ad
368 2069 625 2155 septemtrionem
652 2090 725 2137 csse
755 2069 876 2157 dicit1).
927 2070 1010 2137 Livii
1039 2075 1145 2136 autem
1182 2068 1282 2134 verba

155 2176 294 2241 certiora
315 2180 389 2238 sunt
411 2193 507 2256 quarn
538 2180 572 2239 ut
593 2173 834 2256 Marquardto²)
864 2175 1014 2241 assentiri
1043 2174 1202 2262 possimus
1226 2171 1280 2256 qui

156 2278 218 2345 hoc
241 2276 482 2343 concedendurn
506 2295 577 2344 esse
600 2283 707 2363 negat.
744 2278 870 2344 Etenim
893 2277 978 2361 quod
1001 2275 1164 2344 contendit
1178 2274 1279 2359 Marq.

156 2401 310 2466 augurem
333 2401 373 2446 ea
395 2379 490 2465 signa
513 2380 702 2447 observasse
725 2400 808 2464 quae
833 2379 1057 2466 inaugurando
1078 2386 1278 2466 apparerent,

159 2485 192 2551 in
215 2482 471 2568 inaugurationis
501 2484 533 2548 vi
561 2490 656 2566 atque
683 2483 917 2568 significatione
945 2482 1117 2550 admodum
1148 2482 1279 2548 dubium

157 2595 214 2655 est.
253 2591 298 2653 Ac
322 2607 362 2652 ne
384 2606 445 2670 ego
468 2585 597 2669 quidem
612 2586 674 2653 sibi
689 2606 841 2672 augurem
857 2592 945 2652 certa
961 2587 1055 2673 signa
1073 2586 1152 2651 mitti
1169 2581 1190 2651 a
1206 2587 1280 2652 love

155 2698 264 2778 petere
285 2709 472 2776 persuasum
495 2687 608 2754 habeo.
653 2687 718 2756 Sed
745 2691 935 2775 interregem
963 2688 1005 2754 dc
1033 2707 1096 2771 quo
1127 2697 1200 2774 post
1230 2709 1280 2755 ac-

157 2795 297 2872 curatius
326 2793 506 2859 videbimus
536 2792 774 2879 inaugurationi
801 2793 986 2860 interfuisse
1014 2792 1054 2857 ab
1084 2812 1185 2875 eoque
1219 2793 1281 2858 ins-

157 2919 229 2964 sum
251 2917 404 2983 augurem
430 2896 574 2981 auspicio
598 2915 727 2983 operam
757 2896 886 2965 dedisse
914 2896 1010 2963 valde
1037 2895 1204 2982 probabile
1232 2902 1280 2962 est

157 3002 284 3069 etiamsi
306 3022 370 3067 non
392 2999 498 3066 verbis
521 2998 648 3066 disertis
671 3000 860 3068 declaratur.
904 3001 1051 3083 Namque
1073 2999 1158 3082 quod
1178 3001 1279 3082 Marq.

156 3105 200 3170 ad
229 3103 356 3170 Romuli
391 3103 667 3187 inaugurationem
701 3124 797 3188 quam
832 3110 922 3190 putat
950 3125 971 3169 a
997 3102 1154 3187 Dionysio
1182 3103 1229 3187 ΙΙ,
1261 3104 1280 3166 5

156 3213 337 3274 enarratam
366 3212 520 3294 provocat
547 3207 664 3293 quippe
692 3207 747 3290 qui
776 3206 863 3274 solus
894 3205 1038 3292 auspicio
1068 3226 1199 3292 operam
1227 3205 1281 3272 det

155 3311 278 3377 scilicet
307 3331 347 3376 ne
378 3311 502 3376 duobus
533 3311 775 3376 observantibus
788 3384 791 3389 ,
805 3309 933 3376 diversa
961 3310 1055 3395 signa
1090 3315 1278 3395 appareant,

155 3414 348 3500 aDionysio
370 3434 481 3500 regum
503 3413 796 3499 inaugurandorum
817 3412 963 3499 auspicia
984 3432 1055 3479 cum
1070 3412 1280 3499 posteriorum

157 3517 312 3603 auspiciis
356 3517 562 3602 magistratus
599 3517 773 3583 ineuntium
811 3515 963 3582 confundi
999 3514 1133 3599 quisque
1176 3515 1278 3601 primo

156 3623 319 3690 oculorum
342 3622 452 3688 obtutu
474 3620 604 3705 vides).
641 3619 739 3686 Adire
761 3620 867 3704 potius
890 3619 1029 3686 debebat
1042 3616 1143 3702 Marq.
1167 3618 1221 3684 lib.
1237 3618 1279 3701 ΙΙ,

225 3883 251 3950 1)
275 3881 364 3935 Minus
388 3883 510 3933 accurate
534 3879 602 3931 Plut.
627 3877 655 3931 in
678 3876 732 3932 vita
753 3877 856 3933 Numae
881 3877 904 3930 7.
929 3905 962 3916 -
986 3876 1012 3945 2)
1035 3875 1065 3928 B.
1088 3875 1126 3930 M.
1149 3875 1195 3939 IV,
1219 3874 1276 3927 358.

154 3966 216 4022 adn.
235 3967 276 4021 99.
295 3997 328 4005 -
346 3966 372 4034 3)
389 3966 430 4021 Dc
448 3965 573 4038 auspiciis
590 3963 761 4035 magistratus
784 3962 933 4023 ineuntium
955 3961 987 4020 ot.
1007 3961 1037 4021 Β.
1056 3962 1092 4021 Μ.
1112 3961 1153 4025 ΙΙ,
1176 3961 1200 4015 2.
1220 3960 1277 4022 122.

154 4054 215 4111 adn.
234 4053 291 4108 178.
