2880 4710
685 219 704 279 7
733 212 736 217 .

130 401 196 469 suis
219 400 399 469 didicerint.
437 404 492 470 llis
515 403 704 470 testimoniis
726 405 896 471 Muellerus
918 424 1069 472 assensus
1093 412 1141 472 est
1164 409 1252 473 Etru·

128 525 255 572 scorum
277 525 405 572 suorum
427 506 619 574 fortissimus
642 516 795 594 patronus
818 509 851 573 in
871 528 976 575 rerum
991 509 1114 576 Etrusc.
1131 510 1191 577 vol.
1208 512 1250 595 ll,

128 631 159 695 p.
184 610 255 674 120.
309 609 510 693 Quamquam
540 610 589 676 uir
619 609 823 679 doctissimus
853 611 948 678 modo
978 611 1030 678 hic
1059 613 1154 680 modo
1185 613 1250 680 illic

129 712 314 799 semetipse
330 732 484 780 excusare
500 720 595 796 atque
611 715 788 780 sententiae
803 734 882 781 suae
897 714 962 780 uim
977 715 1120 781 minnere
1134 715 1249 782 studet.

128 816 240 882 Paullo
264 816 348 882 enirn
370 823 444 902 post
472 815 519 882 sic
547 817 668 902 pergit:
705 817 817 902 ,dabei
845 818 886 883 ist
916 837 951 884 es
981 817 1132 885 indessen
1162 818 1251 886 recht

127 918 212 985 wohl
234 918 393 1006 denkbar‚
417 919 494 986 dass
516 919 576 985 das
598 919 756 1006 Specielle
778 920 835 988 des
858 921 1039 987 rbmischen
1062 920 1249 989 Gebreucbs

129 1023 192 1088 den
212 1016 361 1090 Tuskern
384 1044 456 1089 zum
471 1022 564 1088 Theil
587 1023 691 1090 fremd
713 1044 789 1110 war,
813 1023 890 1091 dass
913 1024 1092 1110 uberhaupt
1114 1026 1249 1092 manche

126 1123 357 1209 Veranderung
379 1124 437 1190 mit
458 1123 516 1191 der
537 1126 767 1195 Etruskisohen
790 1127 894 1194 Lehre
916 1147 1144 1213 vorgegangen
1170 1148 1247 1212 war,

127 1228 186 1296 ebe
208 1229 256 1294 sie
283 1227 350 1294 und
379 1226 427 1293 als
457 1229 505 1294 sie
534 1228 672 1296 romisch
701 1231 839 1314 wurde‚‘
868 1231 908 1297 of.
931 1252 962 1316 p.
988 1232 1058 1295 119.
1101 1231 1248 1314 Namque

125 1333 288 1398 utstatim
310 1332 386 1416 quid
409 1333 545 1399 sentiam
568 1332 672 1399 dicam
694 1337 886 1417 auguralem
905 1336 1113 1415 disciplinam
1128 1339 1247 1401 Roma·

126 1453 244 1503 norum
266 1454 304 1503 er
325 1439 470 1505 Etruscis
493 1439 632 1517 pendere
655 1456 748 1520 nego.
795 1437 861 1503 Sed
882 1438 1025 1519 sequitur
1047 1442 1081 1501 ut
1102 1435 1136 1501 id
1163 1436 1248 1521 quod

102 1537 220 1606 modo
249 1539 366 1624 negavi
396 1545 655 1625 argumentorum
694 1541 883 1608 auctoritate
917 1540 1060 1606 refutem.
1112 1541 1150 1605 ln
1186 1539 1248 1606 hac

124 1643 312 1728 quaestione
341 1650 576 1729 peropportune
606 1643 724 1710 accidit
757 1651 792 1709 ut
821 1643 993 1708 Muellerus
1028 1643 1121 1709 nobis
1157 1664 1249 1709 arma

123 1744 282 1830 quaedam
304 1739 347 1811 ad
369 1746 619 1831 impugnandam
636 1747 826 1813 sententiam
841 1766 932 1812 suam
947 1745 1121 1812 tradiderit.
1152 1746 1248 1811 Nam·

124 1870 185 1933 que
208 1849 292 1933 quod
308 1850 446 1915 Romani
468 1849 624 1936 originem
645 1850 860 1936 auspiciorum
876 1868 1004 1915 suorum
1020 1848 1063 1914 ad
1077 1849 1246 1915 Romulum

123 1954 308 2020 rettulerunt
317 1953 358 2040 ¹),
395 1959 560 2038 parentem
592 1954 678 2020 urbis
709 1955 829 2020 Romae
860 1951 1059 2034 eundemque
1093 1970 1244 2036 augurem

122 2056 302 2123 testimonio
334 2063 382 2122 est
411 2057 489 2122 satis
520 2057 634 2141 opinor
661 2056 750 2122 firmo
779 2077 835 2122 eos
869 2076 910 2122 ne
939 2054 1081 2121 Etruscis
1117 2055 1245 2138 quidem

120 2160 265 2245 auspicia
294 2165 428 2245 accepta
457 2160 616 2225 rettulisse
647 2159 835 2244 praesertim
867 2178 940 2233 curn
969 2164 1153 2242 ceteroquin
1183 2179 1243 2225 sua

120 2263 266 2355 instituta
288 2260 457 2345 moresque
478 2264 664 2349 plerumque
687 2263 728 2329 ab
751 2262 823 2328 aliis
846 2282 881 2328 se
904 2261 1070 2347 accepisse
1099 2262 1244 2328 arbitrati

121 2368 193 2433 sint.
232 2365 317 2444 Quid
339 2365 426 2449 quod
447 2367 509 2452 ipsi
532 2366 676 2432 homines
690 2364 828 2432 Romani
849 2365 941 2449 eique
963 2383 1102 2450 augures
1123 2366 1243 2450 apertis

120 2469 227 2536 verbis
250 2469 494 2535 declaraverunt
508 2468 651 2535 Etruscis
674 2488 745 2534 cum
767 2487 826 2533 sua
848 2466 1020 2553 disciplina
1035 2468 1156 2533 nullam
1172 2488 1242 2535 esse

121 2571 383 2639 communionem.
422 2571 569 2638 Tiberius
586 2569 715 2654 quidem
730 2570 936 2656 Sempronius
952 2571 1116 2637 Gracchus
1132 2572 1243 2638 consul

120 2676 231 2742 iterum
253 2696 339 2741 anno
363 2695 392 2740 a.
409 2694 438 2739 n.
455 2696 481 2741 c.
506 2675 646 2756 591t163
669 2694 741 2740 cum
763 2672 951 2758 haruspices
978 2673 1122 2740 homines
1145 2675 1243 2740 Tusci

119 2779 152 2844 in
175 2785 320 2845 senatum
343 2778 514 2846 introducti
536 2777 776 2865 respondissent
803 2785 876 2841 eum
904 2798 969 2844 non
995 2778 1112 2845 iustum
1143 2779 1242 2845 fuisse

120 2882 319 2949 comitiorum
342 2886 524 2966 rogatorem
545 2883 578 2948 in
600 2881 685 2948 hunc
707 2880 837 2966 modum
859 2879 958 2946 fertur
979 2883 1079 2948 uerba
1107 2882 1240 2949 secisse:

118 2986 220 3070 ,Itane
242 3005 317 3051 uero
340 3005 401 3069 ego
424 3006 489 3051 non
512 2987 612 3054 iustus
635 2985 690 3069 qui
712 2991 744 3050 et
764 2984 876 3050 consul
898 2984 1011 3069 rogavi
1034 2993 1065 3051 et
1087 3004 1189 3071 augur
1212 2994 1243 3052 et

117 3088 308 3174 auspicato?
360 3088 410 3153 An
440 3108 497 3154 ros
527 3089 625 3156 Tusci
654 3110 693 3154 ac
722 3087 852 3154 barbari
882 3086 1096 3171 auspiciorum
1131 3089 1242 3174 populi

116 3190 253 3256 Romani
274 3188 324 3255 ius
346 3191 461 3258 tenetis
484 3199 515 3258 et
530 3194 718 3278 interpretes
734 3210 805 3258 esse
820 3189 1018 3255 comitiorum
1034 3191 1241 3278 potestis?‘²)

116 3292 219 3376 Eique
240 3292 376 3360 libenter
398 3294 612 3381 adstipulatur
634 3296 674 3360 M.
698 3294 822 3360 Tullius
845 3291 956 3357 Cicero
979 3297 1011 3357 et
1040 3293 1109 3377 ipse
1138 3314 1240 3381 augur

116 3395 158 3463 de
180 3395 244 3461 div.
265 3396 307 3483 ΙΙ,
330 3398 380 3462 35.
404 3399 471 3463 75.;
509 3400 597 3484 ‚quid
620 3399 704 3464 eninr
726 3397 808 3463 scire
829 3394 954 3460 Etrusci
976 3394 1163 3482 haruspices
1186 3406 1241 3464 aut

116 3498 157 3565 de
179 3500 385 3568 tabernaculo
408 3509 493 3570 reete
515 3509 610 3588 capto
633 3508 689 3567 aut
710 3500 750 3566 dc
771 3497 905 3584 pomerii
932 3498 1000 3564 iure
1029 3504 1239 3585 potuerunt‘l‘

116 3601 239 3680 Quibus
260 3604 367 3672 verbis
390 3611 457 3672 tota
476 3605 676 3674 ratiocinatio
691 3601 915 3668 Muelleriana:
938 3600 1013 3684 (rer.
1030 3601 1096 3669 Etr.
1112 3625 1144 3689 p.
1163 3606 1239 3691 120)
1354 3614 1357 3619 '

115 3706 187 3792 ,der
208 3707 333 3794 Begriff
351 3709 519 3795 Templum
543 3708 619 3796 (quo
650 3707 745 3774 etiam
774 3703 951 3789 pomerium
982 3703 1133 3792 pertinet)
1162 3708 1239 3792 gelrt

116 3866 323 3875 -----·--.-

183 3948 209 4013 1)
227 3947 281 4002 uio.
300 3947 333 4003 de
351 3950 401 4005 div.
421 3950 446 4014 l,
465 3951 489 4004 2.
507 3950 530 4002 3.
567 3949 601 4002 ib.
620 3947 659 4011 ΙΙ,
677 3946 716 4000 33.
735 3944 774 3997 lu.
812 3944 844 3998 de
863 3949 916 3998 nat.
935 3943 1006 3997 deor.
1025 3944 1079 4010 ΙΙΙ,
1097 3948 1120 4000 2Ι
1157 3948 1235 4003 Dion.
1296 3968 1299 3972 ·

111 4033 210 4104 antiqq.
229 4033 304 4090 Rom.
324 4036 364 4101 ll,
382 4037 405 4092 b.
440 4035 511 4094 Plut.
529 4035 605 4092 Rom.
624 4035 664 4089 22.
688 4064 717 4071 -
735 4032 761 4100 2)
780 4031 832 4092 Ciu·
852 4031 885 4086 de
902 4036 955 4087 nat.
975 4029 1047 4086 deor.
1065 4031 1107 4098 Π,
1124 4033 1149 4089 4.
1252 4090 1255 4096 ,
