2880 4710
766 235 785 298 6

694 325 856 332 .-—-—---.-

221 423 319 491 acciri
341 412 511 506 solebant,
536 441 613 487 cura
641 422 770 508 proprie
799 421 993 488 demandata
1022 421 1125 487 fucrit.
1170 423 1282 505 ltaque
1312 423 1341 488 ei

221 529 275 612 qui
297 528 330 592 in
353 527 411 593 bos
433 525 532 591 libros
554 524 692 607 inquiret
714 532 863 592 accurate
885 523 1204 608 circumspiciendum
1233 531 1280 590 est
1311 531 1342 590 et

222 630 375 716 quidnam
398 649 437 696 ex
458 628 548 694 libris
571 625 742 713 pontificiis
765 627 808 694 ad
830 629 1035 694 Etruscorum
1064 629 1221 714 pertineat
1251 628 1343 694 disci·
1435 679 1439 686 .

221 735 343 821 plinam
366 739 397 798 et
419 737 576 816 qnatenus
599 750 638 797 ea
661 749 744 813 quac
766 731 994 818 sub-Etruscae
1010 730 1200 817 disciplinae
1216 732 1343 798 nomine

222 826 265 904 ad
294 856 353 903 nos
382 835 600 921 pervenerint,
640 833 682 899 ad
710 833 809 919 libros
838 833 1016 920 pontificios
1047 834 1243 921 supplendos
1272 855 1344 900 con·

220 942 335 1007 ferant.
378 939 520 1005 Alterum
542 943 647 1003 antem
671 957 773 1023 genus
802 938 1009 1006 divinationis
1039 958 1135 1022 qnam
1164 939 1343 1004 naturalem

223 1043 335 1110 Cicero
357 1047 460 1126 vocat,
484 1047 584 1108 totum
608 1061 647 1106 ex
667 1041 757 1107 libris
773 1039 938 1128 Sibyllinis
953 1041 1081 1129 pendet,
1103 1061 1236 1124 quorum
1252 1042 1344 1107 inter-

222 1147 358 1234 pretatio
382 1144 517 1230 collegio
541 1142 860 1227 quindecimvirorum
884 1146 985 1212 sacris
1007 1143 1168 1210 faciundis
1191 1142 1345 1209 mandata

103 1310 106 1315 .
223 1253 334 1332 erat1).
372 1248 462 1315 Libri
484 1253 589 1313 autern
605 1246 755 1333 Sibyllini
776 1249 834 1315 toti
848 1249 1044 1315 Graecorum
1066 1248 1172 1333 sunm)
1188 1268 1227 1313 ex
1242 1266 1343 1330 coque

223 1354 311 1419 fonte
333 1372 405 1418 cum
424 1351 459 1416 in
474 1350 624 1436 Capitolii
639 1350 788 1417 inccndio
803 1372 887 1418 anno
904 1352 1023 1432 671183
1039 1350 1215 1436 periissent,
1238 1370 1344 1418 rursus

223 1454 499 1522 senatusconsulto
523 1452 630 1536 quoad
653 1453 721 1521 eins
743 1453 812 1520 fieri
832 1455 944 1541 potnit,
967 1453 1103 1521 restituti
1125 1462 1220 1536 atque
1243 1456 1345 1522 redin-

199 1558 340 1647 tegrati
362 1557 480 1644 sunm).
524 1557 637 1640 Itaque
660 1557 690 1623 ei
712 1557 766 1641 qni
789 1557 831 1623 ad
859 1557 957 1624 libros
981 1557 1155 1643 Sibyllinos
1182 1558 1345 1625 restituen-

224 1661 284 1728 dos
306 1681 342 1728 se
364 1660 531 1728 contulerit
560 1659 629 1726 sive
658 1660 697 1726 de
726 1659 1047 1743 quindecimvirorum
1077 1662 1344 1748 commentanist)

224 1764 442 1850 disputaturus
458 1770 516 1849 est,
531 1763 733 1849 potissimum
749 1763 792 1831 ad
808 1763 1002 1830 Graecorum
1018 1764 1149 1830 oracula
1164 1764 1346 1851 confugien-

224 1868 300 1934 dum
323 1868 395 1952 erit,
425 1867 544 1953 quippe
567 1866 744 1950 exquibus
773 1886 898 1933 summa
927 1867 979 1933 vel
1006 1866 1112 1952 potius
1142 1867 1214 1939 sola,
1242 1870 1346 1953 operis

223 1970 411 2037 instituendi
433 1970 628 2036 adminicula
648 1969 821 2055 pendeant.
858 1969 928 2036 Iam
949 1990 1024 2036 vero
1046 1969 1088 2035 ad
1103 1970 1229 2035 tertium
1244 1990 1345 2054 genus

224 2073 430 2140 divinationis
446 2073 532 2160 apud
547 2075 710 2140 Romanos
725 2073 863 2140 usitatae
878 2093 977 2160 pergo
993 2077 1184 2156 auguralem
1198 2073 1347 2140 videlicet

223 2179 441 2258 disciplinam,
457 2176 547 2244 cuius
563 2176 745 2261 fragmenta
759 2175 793 2240 in
808 2175 870 2242 hoe
884 2176 992 2242 libello
1009 2176 1158 2260 colligere
1170 2183 1266 2259 atque
1278 2178 1346 2243 illu-

95 2327 98 2334 .
227 2286 329 2345 strare
353 2284 486 2346 conatus
502 2298 582 2344 sum.
620 2277 685 2344 Sed
704 2283 876 2362 antequam
891 2277 934 2345 ad
949 2279 1053 2364 ipsum
1068 2298 1148 2364 opus
1164 2280 1347 2366 aggrediar,

228 2383 322 2449 certis
346 2382 460 2449 finibus
483 2389 514 2449 et
535 2383 622 2448 velut
644 2381 834 2465 quibusdam
856 2381 1007 2466 pomeriis
1031 2389 1062 2448 et
1084 2382 1189 2449 effatis
1211 2389 1246 2448 ut
1274 2404 1346 2449 curn

226 2485 389 2552 Macrobio
410 2487 541 2570 loquar,
572 2485 653 2552 baec
675 2484 848 2570 disputatio
871 2486 948 2551 mibi
970 2485 1261 2552 circumscribendo
1289 2495 1347 2553 est.

227 2588 453 2668 Quaerendum
480 2596 529 2655 est
556 2589 641 2654 enim
670 2595 704 2653 ut
726 2589 868 2655 Graecos
897 2584 1012 2655 missos
1042 2589 1159 2655 faciam
1191 2596 1348 2673 quatenus

227 2692 391 2778 auguralis
406 2691 577 2776 disciplina
591 2692 808 2758 Romanorum
823 2711 863 2758 ex
875 2693 1010 2759 Etrusca
1025 2692 1195 2777 disciplina
1209 2692 1350 2779 pendeat

228 2816 269 2861 ne
291 2795 319 2862 si
343 2815 382 2861 ea
403 2814 487 2878 quac
509 2795 568 2860 sub
584 2793 737 2861 Etruscae
761 2795 949 2881 disciplinae
970 2795 1099 2863 nomine
1120 2796 1213 2862 nobis
1231 2796 1350 2863 tradita

227 2906 316 2984 sunt,
344 2898 556 2984 neglexerim,
585 2897 801 2982 reprehendar
823 2897 916 2980 quasi
938 2917 1003 2963 non
1026 2897 1133 2964 omnia
1152 2898 1348 2965 adminicula

228 3002 271 3068 ad
292 3003 445 3069 librorum
467 3001 666 3087 auguralinm
697 3001 879 3086 fragmenta
905 3000 1110 3067 resarcienda
1139 3001 1348 3068 adhibuerim.

227 3107 274 3172 Ac
305 3105 442 3190 primurn
471 3104 600 3189 quidem
623 3104 737 3171 Strabo
747 3105 772 3190 5)
800 3103 944 3170 Graecus
972 3103 1067 3170 bomo
1098 3124 1191 3187 quem
1220 3112 1255 3169 ut
1282 3105 1348 3172 iam

228 3230 311 3277 nunc
330 3209 521 3276 sententiam
536 3228 642 3274 meam
657 3206 845 3293 significem,
868 3207 981 3273 merito
996 3207 1166 3292 castigavit
1179 3208 1350 3276 Muellerus

228 3315 278 3398 (E.
301 3315 343 3398 Il,
367 3315 428 3378 122
452 3312 526 3378 adn.
548 3312 615 3399 45.)
638 3317 737 3378 totam
760 3309 940 3396 augurandi
962 3310 1163 3395 disciplinam
1186 3311 1348 3379 Romanos

229 3418 369 3484 Etruscis
386 3421 550 3502 acceptam
566 3416 685 3482 referre
701 3413 819 3480 statuit.
857 3413 968 3480 Paullo
984 3413 1158 3480 modestius
1173 3414 1349 3501 Dionysius

228 3519 561 3604 Halicamassensisss)
591 3518 624 3584 in
661 3517 780 3584 incerto
817 3516 967 3600 relinquit
1002 3523 1106 3583 utrum
1134 3517 1271 3584 Romani
1307 3521 1348 3585 ab

229 3624 371 3690 Etruscis
393 3621 435 3688 de
457 3622 624 3689 fulminum
639 3619 873 3707 significatione
888 3619 993 3687 edocti
1008 3620 1071 3686 sint
1085 3640 1126 3687 an
1142 3641 1163 3686 a
1177 3621 1350 3687 maioribus

298 3882 323 3948 1)
343 3880 374 3934 cf.
398 3880 450 3934 loci
471 3877 543 3948 apud
560 3879 590 3931 Β.
608 3879 645 3933 Μ.
664 3877 716 3944 IV,·
733 3877 793 3932 294.
810 3892 866 3946 sqq.
892 3906 924 3915 -
948 3878 974 3944 2)
998 3877 1033 3931 ib.
1057 3893 1083 3946 p.
1101 3872 1152 3931 296
1175 3877 1235 3932 adn.
1254 3879 1294 3931 47.
1314 3910 1346 3917 —

229 3968 255 4033 3)
280 3967 314 4019 ib.
340 3967 398 4020 298.
424 3997 457 4005 -
481 3965 507 4031 4)
531 3963 669 4017 Censorin.
694 3963 727 4018 de
749 3963 773 4017 d.
797 3967 851 4017 nat.
876 3962 968 4027 XVII,
992 3963 1015 4015 c.
1034 3964 1134 4016 10.11.
1160 3994 1190 4002 —
1214 3966 1241 4031 5)
1264 3964 1351 4028 XVII,

230 4070 254 4122 p.
273 4053 330 4105 813.
351 4082 383 4091 -
402 4051 427 4117 6)
446 4051 516 4104 arch.
534 4049 609 4104 Rom.
628 4049 667 4114 Il,
685 4049 709 4102 b.
