2880 4710
702 237 740 300 19

261 428 324 489 Ζεῦ
345 423 449 510 πάτερ
464 418 592 512 Ἴδηθεν
613 429 738 508 μεδέων
759 425 886 492 κύδιστε
909 434 1038 510 μέγιστε

262 520 378 602 Ἠέλιος
400 524 434 602 ὃς
456 527 552 594 πάντ’
575 533 695 617 ἐφορᾷς
715 536 770 596 καὶ
791 530 887 596 πάντ’
910 531 1079 605 ἐπακούεις

262 635 327 694 Kal
348 636 490 715 ποταμοὶ
511 637 565 697 καὶ
588 643 664 716 γαῖα
686 639 740 699 καὶ
762 639 795 699 οἳ
813 628 976 720 ὑπένερθε
997 635 1163 718 καμόντας

261 727 469 820 Ἀνθρώποος
489 741 645 802 τίνυσθον
667 730 734 815 ὅτις
757 746 782 800 κ’
805 742 955 821 ἐπίορκον
977 732 1100 831 ὀμόσσῃ
1214 733 1216 736 ⁴

259 831 359 920 Ὑμεῖς
379 836 538 923 μάρτυροι
559 842 631 905 ἐ’στε
653 839 838 924 φυλάσσετε
861 842 888 904 d'
910 833 1002 924 ὅρκια
1024 839 1137 906 πιστοί.

178 1093 180 1097 Ι
243 1007 444 1092 Quamquam
474 1011 616 1079 concedo
638 1012 813 1097 Vergilium
836 1011 1009 1080 Homerica
1037 1011 1197 1096 quaedam
1227 1012 1281 1078 ad-

159 1109 324 1178 miscuisse
353 1118 494 1180 attamen
522 1116 555 1180 in
584 1117 754 1201 propatulo
777 1121 825 1182 est
855 1135 926 1181 eum
961 1124 1082 1182 certam
1116 1115 1279 1199 quandam

156 1215 311 1281 rationem
334 1217 424 1299 sequi
445 1217 479 1282 in
502 1217 633 1285 deorum
655 1218 835 1285 nominibus
857 1217 1059 1304 proferendis
1082 1239 1178 1302 quam
1205 1238 1278 1286 eum

155 1339 220 1386 non
242 1319 381 1385 Homero
404 1328 570 1406 acceptam
599 1322 717 1388 referre
746 1322 849 1408 primo
878 1322 1041 1390 oculorum
1072 1323 1183 1388 obtutu
1211 1342 1280 1408 per-

155 1422 297 1506 spicitur.
334 1421 399 1488 Sed
420 1425 581 1507 quaeritur
604 1445 687 1508 quae
709 1425 751 1492 sit
771 1445 811 1491 ea
833 1425 915 1491 ratio
937 1431 969 1491 et
990 1424 1076 1491 uude
1096 1445 1167 1491 earn
1183 1430 1280 1511 poeta

154 1525 310 1610 petiverit.
355 1525 459 1609 Atque
480 1537 515 1594 ut
536 1527 614 1594 mihi
636 1527 765 1612 quidem
787 1528 913 1594 videtur
939 1535 1026 1594 recte
1048 1529 1177 1595 Servius
1205 1548 1278 1595 eam

155 1647 195 1693 ex
224 1648 380 1713 augurum
407 1631 591 1714 precatione
621 1633 762 1697 maxima
791 1632 914 1716 repetit.
967 1631 1092 1696 Etenim
1129 1653 1194 1698 non
1232 1619 1281 1698 est

156 1731 287 1797 difficile
315 1733 348 1797 in
378 1734 565 1820 fragmentis
597 1735 770 1820 propositis
801 1754 912 1801 omnes
941 1734 1009 1800 fere
1037 1733 1166 1800 eosdem
1202 1734 1280 1801 deos

159 1855 337 1922 agnoscere
359 1856 438 1920 quos
460 1837 590 1922 protulit
608 1838 777 1922 Vergilius.
821 1838 970 1919 Namque
992 1837 1128 1923 primum
1150 1838 1280 1921 quidem

156 1940 301 2006 nominat
323 1939 430 2020 Solem
452 1946 484 2005 et
506 1940 639 2007 Terram
661 1961 741 2024 quos
763 1941 864 2007 habes
887 1941 920 2005 in
942 1940 1057 2027 fragm.
1076 1942 1118 2024 V;
1141 1960 1280 2024 namque

158 2043 258 2109 Varro
281 2042 410 2126 quidem
432 2043 514 2128 ‚divi
536 2044 590 2127 qui
611 2047 720 2130 potes‘
743 2047 865 2112 caelum
888 2051 919 2110 et
940 2050 1058 2110 terram
1088 2062 1159 2110 esse
1187 2044 1281 2111 inter·

157 2152 308 2231 pretatur.
360 2146 562 2230 Quamquam
591 2169 655 2214 non
691 2167 822 2234 prorsus
856 2154 943 2216 recte
970 2148 1147 2214 Varronem
1181 2147 1280 2215 libros

157 2250 329 2333 augurales
350 2249 589 2337 interpretatum
613 2270 685 2318 esse
706 2271 894 2338 persuasum
920 2250 1034 2317 habeo.
1078 2251 1226 2333 Namque
1247 2253 1281 2316 ni

159 2353 288 2438 egregie
318 2352 414 2419 fallor
444 2354 503 2422 hoc
533 2350 816 2439 οἷποσαασμάτιον
855 2354 897 2421 ad
931 2353 1067 2421 eandem
1104 2354 1280 2438 pleniorem

157 2456 326 2522 formulam
360 2458 496 2542 pertinet
529 2478 612 2542 quae
646 2467 694 2525 est
730 2459 763 2523 in
801 2458 943 2524 carmine
979 2457 1158 2523 devotionis
1195 2457 1282 2543 apud

161 2552 287 2626 Livium
309 2561 401 2644 VIII,
425 2564 460 2626 9:
498 2562 590 2646 ,Iane
619 2561 762 2646 Iuppiter
791 2561 962 2646 Marspiter
989 2559 1120 2638 Quirine
1148 2560 1284 2628 Bellona

159 2663 259 2731 Lares
281 2663 358 2731 Divi
376 2665 566 2731 Novensiles
589 2664 622 2728 di
638 2663 801 2750 Indigetes
816 2664 891 2730 Divi
913 2683 1045 2747 quorum
1069 2670 1118 2731 est
1138 2670 1282 2750 potestas

159 2774 338 2834 nostrorum
368 2767 569 2850 hostiumque
591 2767 708 2850 Diique
729 2767 858 2834 Manes‘
889 2772 947 2834 ete.
992 2766 1086 2846 Quod
1116 2767 1144 2833 si
1173 2788 1282 2834 uerum

161 2877 210 2938 est
230 2870 383 2938 Varronis
406 2870 576 2956 explicatio
599 2870 760 2954 quomodo
784 2876 854 2937 orta
877 2867 918 2936 sit
940 2869 1033 2949 nobis
1056 2872 1282 2953 quaerentibus

160 2993 200 3040 ea
221 2974 323 3040 solum
345 2974 399 3040 ria
420 2975 606 3058 relinquitur
629 2981 663 3040 ut
684 2975 815 3042 nomina
837 2993 944 3041 eorum
963 2971 1096 3040 deorum
1112 2973 1152 3040 de
1168 2974 1283 3058 quibus

159 3076 261 3142 Varro
284 3077 405 3164 cogitat
426 3086 500 3144 ante
523 3098 562 3144 ea
583 3078 656 3163 ipsa
677 3079 777 3146 verba
799 3077 883 3163 ,divi
905 3076 960 3161 qui
987 3079 1095 3162 potes‘
1125 3079 1283 3145 collocata

158 3180 259 3246 fuisse
282 3201 479 3254 censeamus.
523 3181 597 3247 Fuit
620 3201 697 3267 ergo
719 3180 859 3249 fortasse
879 3181 914 3246 in
942 3181 1163 3266 auguralibus:
1191 3181 1284 3266 ‚Diva

159 3290 250 3368 pater
272 3284 408 3351 Saturne
431 3284 570 3369 divaque
591 3291 693 3352 mater
715 3284 824 3350 Tellus
848 3286 904 3368 (ε
919 3283 986 3369 Ops
1007 3283 1048 3350 cf.
1064 3286 1148 3371 Aug.
1165 3284 1205 3350 de
1221 3285 1282 3352 civ.

160 3387 237 3452 Dei:
274 3388 435 3454 Tellurem
465 3387 568 3472 inquit
595 3386 720 3478 [Varro]
749 3393 864 3474 putant
892 3406 963 3454 esse
992 3386 1107 3475 Opem)
1136 3389 1203 3454 divi
1231 3388 1286 3471 qui

162 3497 254 3574 potes
276 3493 358 3574 sqq.‘
401 3492 491 3558 Haec
514 3494 646 3559 numina
666 3491 825 3578 Vergilius
848 3509 972 3575 quoque
999 3489 1123 3557 induxit
1154 3491 1213 3559 sed
1240 3492 1287 3556 ita

160 3600 195 3659 ut
223 3594 330 3662 Solem
354 3589 520 3680 Ὁμηρικῶς
550 3616 614 3682 pro
637 3595 775 3661 Saturno
803 3594 965 3662 invocaret
994 3594 1045 3661 vel
1072 3594 1159 3678 quod
1188 3593 1286 3660 etiam

162 3697 298 3783 eogitari
320 3704 423 3783 potest
444 3699 551 3766 Solem
574 3718 667 3782 quem
690 3719 730 3766 ex
753 3698 983 3783 antiquissimis
1004 3699 1200 3783 temporibus
1223 3698 1286 3765 eul-

160 3809 227 3866 tum
250 3821 322 3868 esse
344 3806 503 3886 constat1)
526 3802 715 3870 nominatim
730 3822 770 3870 ex
785 3803 969 3890 precatione
984 3802 1126 3869 maxima
1140 3801 1286 3889 repetivit

161 3961 316 3968 -—------
328 3962 367 3968 ..⁷-

232 4059 256 4127 1)
274 4058 307 4114 cl.
326 4059 481 4116 Ambrosch.
500 4060 621 4127 ,Studien
639 4074 664 4117 u.
683 4060 760 4117 And!
778 4074 805 4130 p.
822 4060 880 4116 171.

1038 4149 1077 4205 qa
