2880 4710
742 200 783 261 42

198 388 345 473 quavas
367 387 401 452 in
430 406 502 453 curn
529 387 634 473 ipsum
664 387 749 454 diem
772 386 965 472 OompItalia
994 393 1151 472 concepta
1179 390 1340 478 essentl).

199 492 313 574 Neque
343 497 452 557 tamen
482 489 537 555 diu
568 510 608 557 ea
638 490 692 556 lex
719 498 806 559 stare
837 496 972 576 poterat.
1016 490 1059 555 At
1092 510 1169 558 vero
1198 490 1235 557 0.
1264 492 1342 559 Iulii

198 594 348 661 Caesaris
371 594 461 679 leges
484 614 565 677 ‹luuas
591 594 672 678 ipsis
701 595 814 661 diebus
845 594 967 661 feriatis
999 592 1116 660 tulerat
1143 614 1237 661 nemo
1271 600 1342 663 tam

197 704 312 783 potens
335 703 403 763 erat
426 697 481 779 qui
502 696 686 763 rescindere
706 704 825 783 posset.
1227 706 1231 711 '
1363 712 1367 717 ·

283 802 412 886 Fragm.
435 800 561 865 XXVII
578 832 617 854 ε·
633 800 734 867 Varro
757 800 794 865 L.
818 800 854 864 L.
878 799 914 883 V,
938 801 988 864 37:
1012 806 1047 866 ut
1069 800 1171 867 nostri
1194 820 1340 885 augures

197 904 317 989 publici
340 904 518 987 disserunt,
550 922 700 987 agrorum
729 909 802 969 sunt
831 921 951 987 genera
981 902 1136 986 quinque:
1168 904 1341 973 Romanus

197 1007 344 1073 Gabinus
360 1006 555 1090 Peregrinus
570 1005 722 1072 HostIcus
737 1006 892 1071 Incertus.
920 1005 1097 1073 ,Romanus
1120 1006 1224 1073 dietus
1247 1008 1341 1076 undo

197 1110 299 1176 Roma
330 1111 371 1175 ab
402 1109 536 1177 Romulo
570 1107 717 1174 Gabinus
747 1109 788 1174 ab
826 1107 945 1194 oppido
976 1108 1089 1175 Gabis.
1140 1111 1341 1194 Peregrinus

198 1233 276 1298 ager
305 1219 443 1298 pacatus
474 1213 529 1296 qui
556 1216 650 1278 'extra
676 1213 854 1278 Romanurn
886 1211 972 1293 quod
1003 1232 1065 1277 uno
1096 1211 1190 1279 modo
1220 1213 1257 1277 in
1287 1214 1340 1282 his

199 1323 350 1383 secuntur
386 1316 534 1401 auspicia
571 1315 676 1382 dietus
708 1315 900 1401 Peregrinus
930 1335 950 1379 a
979 1314 1144 1400 pergendo
1172 1315 1207 1381 id
1235 1323 1289 1383 est
1318 1338 1342 1384 a

198 1419 436 1504 progrediendo
460 1439 498 1486 eo
526 1420 611 1485 enim
642 1438 681 1484 ex
711 1439 790 1503 agro
812 1419 957 1484 Romano
987 1419 1122 1503 primum
1151 1420 1343 1504 progredie-

197 1524 314 1588 bantur
334 1523 485 1604 quocirca
501 1522 648 1587 Gabinus
663 1540 789 1605 quoque
803 1521 996 1606 Peregrinus
1012 1523 1070 1588 sed
1085 1522 1170 1605 quod
1185 1523 1341 1611 auspicia

196 1625 295 1690 habet
309 1625 489 1710 singularia
504 1627 546 1691 ab
562 1625 683 1707 reliquo
700 1624 866 1691 discretus.
897 1624 1047 1690 Hosticus
1064 1625 1167 1691 dictus
1183 1626 1225 1691 ab
1237 1625 1340 1693 hosti·
1409 1685 1417 1699 .

198 1729 266 1794 bus.
304 1728 448 1795 Incertus
472 1729 499 1793 is
524 1748 602 1812 ager
624 1729 678 1812 qni
700 1728 741 1794 de
763 1728 813 1792 his
836 1733 984 1810 quattuor
1006 1727 1061 1810 qui
1082 1728 1124 1792 sit
1146 1728 1339 1813 ignoratur‘.

363 1833 405 1897 M.
418 1833 455 1896 Ε.
468 1833 510 1917 II,
524 1833 595 1898 121.
618 1832 653 1895 Β.
664 1834 705 1898 Μ.
715 1831 768 1916 lV,
779 1830 851 1895 350.
862 1829 936 1894 adn.
946 1831 1078 1894 slata.
1101 1830 1143 1896 Μ.
1151 1831 1189 1897 R.
1198 1831 1231 1897 S.
1240 1832 1267 1916 I,
1282 1835 1337 1900 23.

283 1934 572 2019 Distinguebantur
602 1941 707 2001 autern
736 1934 818 1999 haec
853 1932 993 2015 quinque
1028 1952 1150 2017 genera
1183 1935 1254 2020 agri
1292 1939 1339 2004 ab

197 2038 375 2123 auguribus
407 2038 477 2103 sine
508 2038 606 2103 dubio
637 2043 767 2121 propter
794 2037 982 2102 varietatem
1011 2037 1236 2122 auspiciorum.
1287 2040 1339 2106 Ac

199 2140 335 2225 primum
359 2139 487 2221 quidem
510 2139 614 2206 locum
638 2146 725 2205 tenet
747 2139 1011 2225 agerRomanus
1035 2160 1097 2222 quo
1119 2141 1235 2224 priscis
1257 2148 1339 2209 tem-

198 2242 331 2327 poribus
362 2241 571 2326 imperatores
602 2242 708 2308 redIre
738 2244 905 2327 oportebat
941 2243 970 2308 si
1007 2249 1151 2327 repetere
1186 2246 1343 2330 auspicia*

200 2365 280 2430 opus
311 2351 387 2413 erat.
417 2345 457 2412 cf.
486 2345 554 2411 Liv.
579 2346 685 2430 XXII,
712 2347 739 2410 l.
765 2348 794 2409 7.
823 2345 910 2428 VIII,
934 2347 984 2411 30.
1008 2347 1059 2410 32.
1090 2346 1130 2430 X,
1154 2348 1184 2411 3.
1207 2348 1338 2435 XXIII,

201 2450 251 2513 19.
275 2450 325 2513 36.
341 2449 465 2515 -Sed
489 2469 560 2515 cum
582 2455 656 2534 post
671 2448 789 2516 bellum
804 2448 958 2514 Punicum
975 2447 1149 2513 seeundum
1164 2450 1337 2536 imperium

199 2551 328 2637 longius
350 2552 509 2637 prolatum
533 2558 618 2618 esset
640 2552 816 2618 institutum
840 2557 889 2617 est
912 2556 945 2616 ut
967 2570 1049 2617 unus
1071 2551 1161 2618 loeus
1183 2552 1225 2619 de
1254 2574 1338 2640 agro

199 2654 327 2739 captivo
344 2655 508 2722 Romanus
531 2656 619 2721 fieret
642 2675 705 2738 quo
728 2655 793 2720 dux
816 2654 844 2720 si
867 2653 1013 2737 auspicia
1035 2655 1135 2738 repeti
1151 2675 1231 2740 opus
1247 2664 1339 2724 esset

199 2757 316 2824 rediret
338 2764 418 2823 teste
441 2757 553 2823 Servio
576 2758 618 2841 Π,
642 2759 714 2823 178.
751 2757 801 2824 De
824 2778 904 2842 agro
927 2756 1054 2823 Gabino
1071 2756 1338 2843 Gabinorumque

199 2860 356 2944 singulari
379 2860 568 2926 condicione
591 2860 692 2927 adeas
714 2861 755 2925 M.
780 2860 816 2925 n.
840 2861 975 2944 11,121.
1020 2862 1071 2926 De
1093 2861 1266 2945 Peregrino
1289 2865 1335 2929 cf.

198 2963 284 3030 Fest.
308 2963 381 3029 245.
404 2963 477 3028 253.

283 3066 414 3152 Fragm.
430 3066 573 3130 XXVIII
588 3099 629 3120 =
645 3065 711 3132 Gic.
735 3065 776 3132 de
797 3086 864 3150 rep.
878 3068 902 3149 I,
926 3067 978 3130 40.
997 3068 1064 3132 63.:
1089 3065 1173 3132 Nam
1194 3066 1337 3136 dictator

200 3158 328 3256 quidem
351 3171 392 3236 ab
417 3190 455 3236 eo
478 3169 660 3254 appellatur
682 3168 768 3253 quod
790 3169 914 3234 dicitur.
953 3169 1019 3236 Sed
1041 3170 1074 3236 in
1096 3168 1214 3236 nostris
1241 3170 1336 3239 libris
1367 3214 1370 3219 Δ

199 3274 291 3340 vides
314 3293 386 3340 eum
408 3272 500 3338 Laeli
521 3276 719 3355 magistrum
741 3275 856 3354 populi
887 3273 1064 3357 appellarit
1110 3272 1151 3338 cf.
1175 3273 1249 3339 Son.
1280 3294 1335 3360 ep.

201 3378 272 3441 108.
318 3374 384 3441 cic.
409 3375 523 3440 defin.
547 3376 606 3461 III,
630 3378 681 3440 22.
707 3379 756 3441 75.
801 3376 901 3441 Varro
925 3375 961 3440 L.
985 3375 1022 3441 L.
1046 3376 1082 3459 V,
1115 3377 1165 3441 82.
1197 3377 1256 3461 VI,
1280 3379 1335 3444 91.

199 3479 353 3545 Fortasse
381 3477 444 3547 huc
475 3479 613 3563 pertinet
635 3478 803 3545 SaturnIus
834 3478 887 3544 ille
917 3478 1005 3563 apud
1030 3478 1152 3544 Velium
1183 3480 1335 3566 Longum

200 3581 242 3646 de
265 3581 404 3666 orthogr.
434 3583 519 3646 2234
541 3583 576 3649 P.
606 3603 699 3666 quem
721 3581 918 3648 Mercklinus
947 3582 980 3646 in
1002 3581 1163 3666 Philologi
1193 3582 1256 3648 vol.
1278 3584 1335 3652 IV.

201 3684 437 3752 commentariis
458 3685 623 3750 consulum
646 3685 805 3752 attribuit:

399 3787 515 3854 Oriens
538 3789 651 3854 consul
674 3794 859 3874 magistrum
881 3787 1016 3873 podpuli
1038 3786 1133 3855 dicat.

201 3928 410 3938 .......---.-.-

272 4010 297 4077 1)
314 4008 377 4064 Asc.
396 4010 437 4065 ed.
457 4010 500 4065 Or.
520 4012 560 4066 bb.
597 4011 628 4066 ef.
647 4012 677 4067 L.
696 4012 778 4069 LII
797 4012 824 4066 11.
