2880 4710
678 212 717 277 13

137 401 166 467 si
187 401 358 468 dissimilia
378 400 443 466 sint
463 401 641 485 posteriora
662 402 826 468 solvuntur
847 401 977 487 priora‘
1019 402 1132 486 Itaque
1153 401 1260 468 locum

137 504 242 571 Servii
264 505 311 590 (I,
333 503 419 589 398.)
443 503 486 570 ad
508 506 670 571 Romanos
692 504 790 573 libros
811 504 916 572 refero
939 510 1034 619 atgue
1055 505 1101 570 ita
1131 504 1260 587 quidem

138 614 173 674 ut
193 608 292 676 libros
307 607 488 674 reconditos
504 627 561 675 seu
576 609 748 694 augurales
764 607 884 694 opponi
898 614 1006 693 putem
1023 609 1260 675 commentariis

139 732 304 796 augurum,
329 711 370 778 de
391 712 505 795 quibus
520 712 595 778 item
611 732 718 778 errare
732 711 918 778 Muellerum
933 732 1008 777 mox
1023 710 1259 781 demonstrabo.

138 853 180 864 -
196 815 232 882 si
254 815 391 882 formam
413 815 601 902 exteriorem
623 814 735 881 borum
749 815 902 883 librorum
917 821 1109 900 spectamus,
1131 823 1262 902 propter

137 917 293 1004 pluralem
315 936 480 984 numerum
496 917 699 985 statuendum
715 925 764 985 cst
778 918 957 1004 complures
971 917 1072 985 fuisse
1085 919 1261 1004 particulas

139 1026 234 1104 atque
270 1022 407 1088 fortasse
443 1020 489 1086 ita
524 1021 653 1104 quidem
689 1029 724 1088 ut
758 1041 824 1087 una
858 1020 1017 1106 particula
1058 1022 1261 1108 precationes

137 1124 319 1210 augurales,
342 1125 444 1190 altera
465 1124 619 1191 formulas
642 1125 814 1191 sollemnes
836 1132 867 1190 et
890 1123 922 1189 in
945 1124 1164 1211 concipiendis
1185 1132 1260 1191 tem-

137 1228 199 1313 plis
223 1232 254 1294 et
275 1228 309 1296 in
331 1226 565 1314 inaugurandis
589 1226 890 1313 exaugurandisque
912 1227 1094 1294 bominibus
1116 1228 1260 1313 locisque

137 1330 231 1396 tertia
251 1339 426 1418 praecepta
447 1330 490 1397 ad
512 1331 562 1397 ius
583 1332 746 1416 publicum
774 1331 967 1417 pertinentia
995 1332 1195 1400 continuerit.
1218 1373 1260 1382 -

138 1433 233 1512 Quod
255 1441 360 1503 autem
383 1435 427 1501 ad
456 1453 558 1520 genus
588 1434 741 1501 orationis
770 1435 923 1520 pertinet,
955 1435 1173 1518 quaerendum
1202 1443 1260 1522 est,

134 1527 242 1603 utrum
270 1538 369 1605 libros
400 1538 545 1604 versibus
581 1557 623 1602 an
659 1537 800 1622 pedestri
838 1537 981 1605 oratione
1017 1537 1153 1623 scriptos
1188 1558 1260 1606 esse

139 1661 338 1709 censeamus.
390 1642 497 1709 Unum
527 1641 708 1708 etiamnunc
737 1641 951 1707 testimonium
979 1647 1137 1727 superest,
1175 1641 1261 1725 quod

137 1751 265 1828 secutus
301 1744 385 1811 hanc
420 1747 640 1827 quaestionem
676 1743 826 1811 diiudioo.
880 1745 1015 1810 Exstant
1051 1744 1136 1810 enim
1173 1745 1260 1831 apud

137 1849 267 1914 Festum
285 1869 316 1934 p.
333 1849 396 1913 290
410 1848 452 1913 Μ.
469 1847 548 1914 baec
564 1848 675 1915 verba:
700 1847 847 1934 ,sonilvio
868 1847 1029 1934 significat
1049 1847 1083 1913 in
1106 1846 1261 1936 car[mine

136 1951 255 2018 Saliari
278 1957 309 2018 et
329 1949 489 2038 alugurali
504 1951 651 2017 sonanti!
675 1951 811 2017 ,Desunt
825 1956 932 2017 autem
945 1951 979 2014 in
994 1949 1106 2018 codice
1120 1951 1260 2017 litterae:

139 2055 209 2121 soni
231 2093 273 2101 —
294 2054 380 2120 mine
403 2053 520 2120 Saliari
546 2059 579 2119 ct
604 2074 625 2119 a
648 2093 697 2117 -.
721 2053 874 2131 Quamvis
902 2052 1032 2119 dubium
1059 2072 1131 2121 esse
1158 2055 1262 2139 possit

139 2163 242 2222 utrum
265 2155 402 2241 ,Saliari‘
424 2164 510 2224 recte
531 2157 685 2222 insertum
707 2157 757 2241 sit,
780 2157 814 2223 in
829 2177 893 2240 qua
907 2155 1065 2223 sententia
1078 2156 1174 2225 uideo
1189 2178 1261 2224 esse

138 2260 325 2327 Muellerum
347 2260 381 2325 in
404 2259 629 2345 explanatione
651 2260 754 2345 Festi,
778 2266 885 2328 tamen
908 2259 1047 2326 dubitari
1069 2282 1133 2328 non
1155 2267 1262 2346 potest

138 2383 241 2447 neque
263 2363 432 2448 quisquam
455 2363 614 2429 dubitavit
635 2362 712 2446 quin
739 2364 838 2429 verba
865 2363 1017 2447 ‚carmine
1039 2401 1081 2413 -
1102 2365 1262 2449 augurali‘

138 2473 223 2533 recte
246 2467 288 2532 ab
310 2467 428 2534 Ursino
451 2467 599 2553 suppleta
620 2466 694 2532 sint.
738 2465 832 2544 Quod
858 2467 887 2533 si
914 2467 961 2533 ita
990 2473 1052 2553 est,
1084 2466 1261 2534 orationem

138 2569 278 2635 numeris
307 2569 466 2636 Saturniis
496 2569 618 2635 scilicet
643 2568 784 2635 vinctam
813 2569 938 2637 etiamsi
966 2590 1032 2636 non
1061 2571 1135 2636 totis
1170 2570 1260 2637 libris
1323 2588 1325 2592 ⁴
1413 2580 1415 2585 '

139 2672 346 2758 auguralibus
369 2679 403 2739 at
424 2672 537 2739 saltem
559 2671 798 2757 precationibus
826 2672 1034 2757 formulisque
1061 2673 1261 2741 vindicemus

139 2795 272 2844 necesse
295 2783 352 2842 est.
396 2774 530 2842 Accedit
559 2774 645 2858 quod
673 2775 746 2841 aliis
774 2777 963 2843 testimoniis
991 2775 1073 2843 haec
1103 2777 1262 2844 sententia

140 2879 276 2945 fulcitur.
326 2879 475 2961 Namque
510 2878 597 2964 apud
634 2878 847 2964 Capitolinum
884 2880 1071 2964 scriptorem
1106 2880 1141 2945 in
1176 2880 1261 2947 vitae

138 2982 245 3049 Aurel.
275 3003 346 3068 cap.
369 2982 423 3048 IV.
447 2983 480 3047 in
501 2981 581 3068 ipsis
611 2982 833 3050 sacerdotibus
861 2982 1094 3068 inaugurandis
1122 3002 1261 3068 exaugu-

143 3086 317 3169 randisque
347 3085 492 3152 carmina
521 3084 691 3152 sollemnia
720 3092 1020 3153 commemorantur:
1058 3086 1128 3172 ,fuit
1156 3086 1190 3152 in
1224 3108 1262 3156 eo

139 3188 319 3256 sacerdotio
341 3188 473 3274 (saliatu
501 3188 637 3275 scilicet)
664 3195 696 3255 et
723 3189 851 3274 praesul
877 3196 908 3256 et
933 3195 1024 3256 vates
1052 3196 1083 3256 et
1109 3190 1262 3275 magister

139 3297 171 3359 et
192 3292 308 3359 multos
330 3292 534 3376 inauguravit
555 3293 828 3378 exauguravitque
849 3293 976 3359 nemine
990 3300 1164 3378 praeeunte
1179 3292 1264 3377 quod

139 3395 210 3480 ipse
233 3395 375 3461 carmina
398 3400 514 3461 cuncta
536 3395 721 3463 didicisset!
742 3395 895 3464 -Addo
917 3398 1057 3482 paucula
1079 3397 1119 3464 dc
1141 3417 1261 3482 genere

136 3497 294 3565 dictionis.
343 3497 423 3564 Cum
451 3498 534 3564 enim
562 3503 673 3584 pateat
702 3518 804 3585 genus
834 3499 982 3567 dictionis
1011 3500 1259 3567 vetustissimum

137 3619 209 3668 esse
245 3601 362 3673 debere
398 3620 471 3667 cnm
510 3602 663 3669 librorum
707 3603 908 3688 auguralium
951 3603 1109 3687 quaedam
1153 3610 1261 3689 partes

10 3762 14 3775 .
137 3705 234 3770 etiam
261 3704 350 3789 leges
387 3705 452 3770 XII
488 3704 669 3771 tabularum
706 3713 857 3792 superent
891 3714 959 3773 tum
996 3726 1035 3774 ex
1071 3707 1261 3791 fragmentis

138 3807 243 3873 adhuc
265 3808 488 3893 superstitibus
510 3808 662 3875 facillime
681 3810 881 3895 perspicitur.
919 3809 1014 3888 Quod
1028 3816 1135 3876 autem
1149 3811 1262 3878 attinet

137 3912 180 3977 ad
202 3912 385 3996 fragmenta
407 3910 470 3978 duo
493 3912 617 3980 maiora
637 3913 806 3980 formulam
830 3934 940 3999 regum
967 3913 1260 3999 inaugurandorum

137 4014 209 4082 dioc
232 4015 314 4099 (Liv.
331 4015 358 4101 l,
381 4016 447 4099 18.)
470 4022 501 4082 et
523 4015 633 4100 templi
656 4016 859 4102 concipiendi
873 4017 988 4102 (Varro
1004 4017 1043 4083 de
1058 4019 1078 4082 l.
1094 4019 1114 4083 l.
1130 4017 1200 4084 VII.
1216 4017 1261 4105 8.)
