2880 4710
568 235 732 335 Α

92 445 133 490 ne
155 424 322 510 probabile
344 423 471 507 quidem
495 432 551 491 est.
590 426 660 504 Quo
676 426 761 492 facto
777 425 887 512 templi
902 425 1103 511 concipiendi
1119 428 1218 493 verba

69 522 71 526 ’
93 528 263 595 sollemnia
285 533 443 612 secuntur,
468 527 508 594 de
530 529 645 612 quibus
668 530 752 596 inira
766 549 934 615 exponam.
972 529 1099 596 Deinde
1116 550 1217 616 augur

92 632 136 698 ad
158 633 263 719 ipsam
285 632 455 699 formulam
477 633 732 718 inaugurationis
761 633 890 718 transit,
923 654 1019 717 quam
1048 634 1216 701 formulam

92 737 125 802 in
155 735 258 802 fronte
286 735 424 803 exhibui.
475 736 639 804 Dubitatio
669 736 752 803 enim
781 736 870 802 nulla
899 756 970 803 esse
997 742 1103 825 potest
1140 737 1217 820 quin

93 839 174 905 baec
190 838 326 906 formula
342 839 485 906 fueritin
501 840 708 925 auguralibus
724 841 868 924 quamvis
885 860 949 906 non
969 840 1076 927 verbis
1091 840 1218 907 disertis

91 941 250 1008 tradatur·
291 942 386 1022 Qnod
412 963 487 1010 vero
515 963 618 1028 augur
647 943 690 1009 ad
720 945 804 1011 Iovis
835 965 950 1012 nomen
980 943 1080 1031 patris
1111 944 1218 1030 appel-

92 1047 243 1113 lationem
267 1046 418 1133 adiecit1)
442 1053 643 1113 exustorum
675 1047 902 1114 consuetudine
931 1047 1138 1134 repetendum
1167 1053 1215 1114 est

92 1150 147 1234 qui
169 1149 369 1216 familiariter
390 1149 625 1233 quodammodo
657 1150 725 1217 deis
755 1152 932 1217 utebantur.
977 1150 1103 1216 Deinde
1132 1151 1217 1234 quod

17 1292 19 1297 <
93 1252 175 1318 dixit
196 1253 297 1338 ‚cuius
320 1237 382 1339 eg'o
405 1259 502 1339 caput
523 1255 627 1320 teneo‘
650 1254 688 1320 cf.
706 1254 742 1320 L.
759 1255 794 1320 L.
811 1254 849 1318 H.
874 1255 899 1333 I,
922 1255 972 1320 98.
1017 1254 1090 1318 Volt
1111 1261 1216 1320 autem

10 1342 14 1352 ¹
92 1377 195 1442 augur
217 1357 324 1423 Iovem
348 1364 435 1424 certa
457 1357 578 1423 mittere
601 1356 696 1441 signa
723 1357 828 1424 idest
858 1357 937 1423 talia
967 1357 1081 1440 quibus
1111 1357 1217 1425 missis

91 1460 180 1526 nullo
210 1460 306 1528 modo
337 1459 377 1526 de
407 1461 569 1527 voluntate
595 1460 682 1527 Iouis
713 1461 833 1547 ambigi
864 1459 1008 1547 possiti).
1052 1460 1102 1525 Ea
1131 1461 1217 1527 enim

92 1570 142 1630 est
169 1564 264 1630 totius
297 1563 486 1650 disciplinae
516 1564 597 1630 ratio
627 1571 661 1629 ut
689 1565 768 1630 nulli
797 1564 998 1651 ambiguitati
1027 1563 1116 1629 locus
1146 1583 1217 1629 esse

56 1716 58 1721 .
93 1667 220 1734 debeat.
265 1668 378 1751 Itaque
400 1666 560 1752 quomodo
582 1668 652 1753 ipse
682 1688 784 1753 augur
812 1673 846 1733 ut
875 1687 972 1753 supra
1001 1665 1138 1732 vidimus
1168 1688 1217 1733 ac-

95 1770 296 1838 curatissime
320 1771 446 1856 signum
469 1771 577 1837 animo
599 1770 700 1836 finivit
722 1772 767 1837 ita
782 1770 878 1838 etiam
894 1791 915 1836 a
929 1772 1005 1836 love
1021 1776 1108 1835 certa
1122 1769 1218 1854 signa

92 1881 266 1959 exspectat.
312 1876 393 1940 Tum
416 1875 450 1940 ut
471 1875 576 1960 pergit
597 1874 706 1940 Livius
728 1874 853 1960 peregit
880 1879 936 1950 (sc.
966 1872 1081 1958 augur)
1109 1873 1215 1939 verbis

92 1978 239 2063 auspicia
266 1997 348 2061 quae
378 1978 459 2043 mitti
487 1979 591 2045 vellet.
641 1977 830 2063 Appellatur
856 1983 963 2043 autem
992 1977 1055 2043 ista
1091 1976 1216 2060 species

93 2081 220 2166 augurii
250 2082 368 2168 ,legum
398 2081 505 2149 dictio‘
535 2087 615 2146 teste
643 2081 798 2169 Servioi).
843 2082 946 2148 Nemo
975 2085 1083 2147 autem
1111 2078 1215 2146 adbuc

92 2191 220 2269 praeter
241 2185 282 2249 M.
307 2185 342 2250 R.
367 2184 398 2250 S.
421 2186 446 2269 Ι,
469 2207 500 2270 p.
522 2188 552 2249 4.
576 2190 661 2250 recte
683 2184 760 2250 mihi
783 2186 963 2271 explicasse
985 2185 1109 2252 videtur
1132 2205 1216 2269 quac

93 2288 136 2353 sit
163 2286 243 2354 baec
272 2287 379 2373 legum
409 2286 515 2354 dictio.
560 2289 708 2373 Namque
730 2289 900 2355 Muellerus
930 2289 964 2355 in
994 2309 1033 2355 ea
1060 2288 1218 2356 sententia

93 2396 143 2456 est
165 2393 191 2456 si
214 2396 300 2458 recte
326 2390 432 2458 iudico
462 2391 562 2458 fuisse
592 2391 711 2477 duplex
737 2412 839 2477 genus
869 2393 994 2478 augurii
1022 2393 1153 2459 alterum
1184 2392 1216 2457 in

94 2513 157 2577 quo
181 2493 269 2559 nulla
292 2500 378 2560 certa
400 2495 495 2580 signa
527 2496 783 2580 exspectaverint
812 2494 946 2562 alterum
975 2495 1009 2560 in
1039 2515 1100 2579 quo
1130 2501 1217 2562 certa

94 2603 191 2680 atque
220 2599 418 2683 praescripta
445 2597 489 2662 ad
518 2598 602 2682 quod
634 2618 735 2684 genus
772 2598 880 2683 legum
916 2598 1064 2665 dictionis
1100 2619 1217 2667 nomen

91 2701 234 2785 referte).
280 2700 344 2766 Sed
366 2721 533 2788 perperam
557 2721 629 2768 eum
651 2702 698 2768 sio
727 2707 866 2768 statuere
897 2704 930 2768 in
959 2702 1126 2788 propatulo
1158 2707 1215 2768 est.

91 2804 132 2870 ln
154 2805 240 2871 omni
263 2805 347 2870 enim
371 2804 505 2890 augurio
528 2805 729 2890 impetrativo
753 2805 838 2889 quod
861 2806 912 2871 vel
941 2807 1014 2891 ipsa
1042 2805 1215 2891 appellatio

92 2907 235 2974 declarat
257 2915 345 2974 certa
366 2909 461 2994 signa
484 2915 715 2994 exspectantur.
755 2909 849 2988 Quod
872 2917 977 2976 autem
992 2906 1096 2992 Marqss
1109 2909 1216 2995 legum

90 3010 264 3077 dictionem
287 3010 330 3076 ad
351 3012 504 3096 templum
527 3012 768 3098 concipiendum
792 3012 921 3100 refertf’)
944 3034 1007 3079 non
1030 3013 1136 3078 minus
1158 3011 1216 3077 fal-

90 3134 162 3180 sum
185 3121 233 3181 est
255 3122 288 3180 ut
310 3122 453 3200 apparet.
491 3117 554 3181 Res
569 3115 683 3202 *potius
706 3117 751 3182 ita
773 3136 808 3182 se
830 3117 927 3182 babet
946 3124 980 3181 ut
995 3116 1101 3200 legum
1117 3114 1215 3181 dictio

90 3217 126 3281 in
149 3216 235 3281 omni
258 3218 391 3303 augurio
414 3218 616 3303 impetrativo
639 3217 738 3285 fuisse
761 3220 935 3305 cogitanda
949 3220 999 3284 sit.
1017 3257 1020 3264 ·
1038 3219 1216 3301 Subseque-

91 3320 186 3385 batur
207 3326 312 3386 autem
335 3321 445 3408 templi
467 3321 587 3387 effandi
609 3324 709 3389 verba
739 3323 904 3388 sollemnia
934 3327 968 3387 ut
995 3322 1068 3389 luce
1097 3323 1214 3388 clarius

89 3443 130 3489 ex
153 3422 245 3490 Livio
269 3430 300 3490 et
329 3444 369 3490 ex
391 3425 503 3490 Servio
532 3425 752 3511 perspicimus.
798 3425 949 3493 Fortasse
975 3425 1037 3492 buc
1067 3425 1212 3511 pertinet.

175 3527 303 3612 Fragm.
332 3529 395 3593 XII
424 3561 463 3582 =
492 3528 576 3595 Fest.
605 3530 683 3593 322:
715 3531 816 3613 sorJtc
845 3530 877 3593 in
908 3528 1128 3616 augu[ralibus
1155 3550 1213 3615 pro

89 3629 227 3719 intelgro
250 3631 379 3716 ponitur
401 3634 492 3716 [sane
514 3635 678 3716 semcqnp
700 3635 812 3700 andire
836 3635 1018 3717 sudoreque
1046 3633 1086 3699 ob
1117 3651 1212 3715 quam
1269 3619 1272 3625 ’

87 3731 232 3820 canolam
255 3755 354 3819 opera
374 3735 504 3820 publica
526 3742 584 3800 etc.

158 3887 184 3954 1)
209 3887 373 3956 Quamquam
396 3890 448 3944 iam
472 3889 500 3943 in
524 3889 621 3945 'nomin
647 3895 674 3944 ot
696 3906 753 3944 voc.
777 3892 861 3959 patris
885 3889 1044 3960 significatio
1067 3895 1161 3944 exstat.
1179 3919 1213 3928 —

87 3973 113 4040 2)
131 3971 276 4043 Perperam
292 3973 329 4028 M.
343 3974 374 4028 Ε.
393 3974 428 4039 Π,
446 3975 504 4028 128.
522 3975 555 4030 de
574 3975 669 4031 faustis
686 3976 769 4044 signis
787 3977 982 4046 interpretatur.
1001 4007 1034 4016 —
1052 3976 1077 4042 3)
1096 3975 1130 4030 ad
1145 3976 1213 4030 Aen.

86 4058 142 4125 III,
160 4059 201 4113 89.
221 4090 253 4098 -
271 4059 298 4129 4)
314 4060 345 4114 Ε.
364 4058 405 4128 ΙΙ,
426 4060 481 4114 118.
500 4092 535 4101 -
552 4063 579 4130 5)
594 4062 640 4127 ΙΙΙ,
658 4062 716 4116 358.
736 4062 796 4126 adn,
816 4063 855 4117 99.
