2880 4710
712 238 752 299 l3

644 325 809 335 ⁵———-o-——-—-

249 410 379 510 Fragm.
406 425 563 490 XXVIIII
591 457 632 480 =
662 424 749 491 Ifest.
782 425 871 490 161.:
889 492 892 498 ,
908 423 1082 490 Maximum
1112 430 1296 510 praetorem

162 529 228 597 diei
248 534 363 614 putant
391 528 434 594 ali
465 548 536 595 cum
566 528 621 612 qui
649 528 781 594 maximi
809 527 924 612 imperi
952 525 995 593 sit
1024 526 1066 591 ali
1098 527 1152 610 qui
1181 528 1297 595 aetatis

161 633 332 700 maximae.
376 633 438 698 Pro
462 631 599 716 collegio
623 631 751 715 quidem
773 650 931 716 augurum
953 630 1115 697 decretum
1128 636 1188 698 cst
1209 631 1295 714 quod

162 739 197 804 in
213 736 333 803 Salutis
357 734 492 820 augurio
515 741 686 816 praetores
707 738 849 802 mulares
872 740 903 800 et
923 736 1070 805 minores
1092 734 1298 819 appellantur

162 860 229 905 non
252 839 295 904 ad
317 844 456 912 aetatem
478 837 537 904 scd
559 837 603 902 ad
625 839 689 905 vim
710 837 825 923 imperi
847 837 1026 922 pertinere‘.
1057 873 1099 884 -
1125 837 1175 919 De
1203 837 1297 904 huius

162 941 335 1026 fragmenti
357 948 500 1025 tempore
522 940 596 1006 vide
618 942 719 1026 praef.
736 963 767 1026 p.
785 941 835 1005 11.
873 941 1020 1026 Augures
1035 941 1191 1008 maiorum
1207 962 1299 1026 prae·

163 1050 267 1111 torum
289 1043 541 1129 appellationem
564 1038 650 1110 recte'
673 1044 717 1110 ad
739 1044 888 1111 consules
903 1043 1060 1110 minorum
1076 1043 1119 1109 ad
1133 1050 1298 1129 praetores

163 1147 324 1214 rettulisse
345 1148 410 1213 iam
432 1167 531 1233 supra
554 1146 779 1214 demonstravi.
825 1146 919 1226 Quod
943 1147 1092 1213 consules
1119 1147 1158 1212 in'
1182 1148 1297 1232 fragm.
1346 1157 1348 1162 ’

164 1251 330 1337 proposito
360 1257 525 1337 praetores
556 1249 760 1336 appellantur
789 1251 830 1317 cf.
861 1251 897 1315 L.
927 1251 963 1316 L.
994 1249 1034 1314 H.
1064 1251 1094 1330 Ι,
1123 1251 1197 1316 496.
1247 1250 1298 1315 De

165 1354 300 1439 augurio
324 1354 444 1420 Salutis
468 1353 508 1420 of.
532 1354 569 1419 B.
592 1353 633 1417 M.
656 1352 715 1437 IV,
744 1353 816 1418 354.
848 1359 880 1419 et
900 1353 1075 1420 Prellerum
1104 1353 1138 1418 in
1167 1352 1299 1438 mythol.

164 1458 256 1524 Rom.
279 1478 311 1542 p.
336 1458 407 1523 601.
490 1502 493 1506 -

252 1560 383 1648 Fragm.
407 1562 502 1626 XXX
524 1593 565 1614 =
587 1561 676 1626 Fest.
700 1559 798 1623 253122
820 1561 976 1626 Paludati
998 1559 1032 1625 in
1054 1561 1143 1627 IibrIs
1163 1581 1299 1647 augura-

166 1665 251 1730 libus
282 1664 444 1749 significat
473 1671 506 1730 ut
536 1664 581 1729 ait
609 1663 767 1746 Veranius
797 1663 912 1728 armati
942 1665 1065 1731 ornati‘.
1119 1664 1168 1730 cf.
1196 1664 1298 1730 Varro

166 1767 204 1832 L.
220 1766 257 1832 L.
281 1767 351 1833 Vll.
373 1768 425 1834 37.
462 1767 604 1834 Pertinet
626 1767 687 1833 hoc
710 1767 975 1851 apospasmation
997 1767 1041 1833 ad
1064 1787 1104 1834 ca
1126 1767 1300 1854 diciplinae

152 1870 332 1956 auguralis
347 1878 521 1956 praecepta
537 1890 620 1954 quae
636 1870 808 1936 observare
824 1868 964 1936 debebat
978 1872 1153 1957 imperator
1167 1891 1240 1938 cum
1255 1870 1309 1937 ad‘

125 2032 128 2036 .
164 1972 284 2040 bellum
307 1973 459 2056 exibatl).
498 1973 633 2063 Copiam
654 1974 796 2039 locorum
808 1967 976 2057 'congessit
990 1975 1033 2040 M.
1050 1975 1087 2040 R.
1104 1975 1138 2040 S.
1155 1977 1180 2059 I,
1196 1996 1227 2060 p.
1245 1975 1296 2038 96.

149 2076 243 2146 ¹adn
260 2077 353 2168 37-6.
398 2077 505 2143 Unum
528 2076 642 2142 saltem
664 2076 768 2141 Iocum
792 2075 977 2145 adscribere
998 2078 1096 2155 liceat
1118 2099 1211 2162 quem
1234 2098 1299 2144 uon

166 2179 298 2265 protulit
319 2179 536 2246 Mommsenus
558 2180 688 2264 interpr.
713 2179 801 2244 Serv.
826 2178 869 2245 ad
891 2181 970 2245 Aen.
993 2166 1034 2264 X',
1051 2183 1132 2246 241:
1171 2181 1298 2248 silentio

168 2282 287 2349 deinde
301 2283 387 2350 facto
404 2283 569 2349 residebat
592 2289 623 2348 at
646 2283 775 2348 dicebat
798 2284 858 2361 (so.
879 2282 1083 2367 imperator):
1113 2284 1246 2369 ‚equites
1269 2289 1300 2348 et

90 2395 94 2401 '
169 2385 295 2471 pedites
311 2394 492 2468 nomenque
506 2386 657 2452 Latinum
674 2436 681 2451 .
698 2434 705 2449 .
723 2435 730 2448 .
747 2385 794 2450 les
817 2385 913 2462 cincti
929 2388 1044 2452 armati
1058 2386 1214 2472 paludati'
1231 2406 1300 2468 sqq.

253 2489 383 2574 Fragm.
405 2489 518 2554 XXXI
541 2521 582 2543 =
605 2489 671 2555 Cic.
695 2487 736 2554 de
759 2506 826 2571 rep.
849 2487 891 2571 II,
915 2489 966 2554 31.
991 2492 1059 2555 brt:
1097 2488 1299 2555 Provocatio-

166 2614 241 2660 nem
264 2599 370 2659 autem
397 2592 492 2658 etiam
516 2613 536 2657 a
557 2592 687 2677 regibus
715 2590 816 2655 fuisse
846 2589 1014 2664 declarant
1042 2593 1199 2678 pontificii
1226 2591 1301 2657 libri

166 2696 351 2782 significant
373 2695 475 2761 nostri
497 2695 592 2760 etiam
616 2694 807 2779 augurales‘.
853 2693 900 2761 cf.
924 2696 999 2762 Seu.
1023 2717 1073 2782 ep.
1098 2698 1169 2763 108.

252 2800 358 2866 Minus
381 2799 462 2864 bene
477 2796 680 2885 Mezgerus2)
702 2796 764 2877 hoc
786 2796 1002 2882 fragmentum
1019 2801 1062 2867 ad
1077 2801 1186 2867 nescio
1203 2818 1299 2883 quam

166 2904 299 2971 multam
321 2903 418 2969 refert
440 2891 536 2985 quam
559 2919 698 2984 augures
726 2901 869 2985 irrogare
898 2904 1042 2987 potuisse
1071 2905 1244 2970 arbitratur
1271 2901 1300 2967 si

167 3007 239 3091 quis
262 3004 505 3092 inaugurandus
528 3003 696 3070 tertiodie
719 3002 763 3068 ad
784 3003 1041 3090 inaugurandum
1063 3028 1128 3073 non
1143 3005 1302 3073 adfuisset

166 3111 207 3179 ef.
231 3132 263 3196 p.
287 3111 338 3175 30.
382 3108 500 3174 Verum
522 3126 578 3172 eos
601 3105 729 3172 vidisse.
744 3112 820 3191 puto
844 3109 899 3190 qui
920 3108 982 3176 hoc
1012 3110 1227 3195 fragmentum
1256 3108 1300 3173 ad

165 3212 294 3280 Horatii
315 3211 576 3297 provocationem
599 3210 787 3275 rettulerunt
796 3209 830 3294 3).
868 3211 982 3294 Itaque
1004 3211 1038 3276 in
1060 3212 1150 3278 libris
1166 3231 1301 3296 augura-

139 3316 251 3383 ·libus
282 3321 491 3402 praeceptum
521 3312 656 3378 infuisse
685 3312 859 3379 verisimile
896 3319 944 3379 est
979 3314 1142 3398 pertinens
1180 3313 1223 3380 ad
1259 3333 1300 3380 ea

166 3417 302 3502 auguria
324 3437 407 3501 quae
429 3418 463 3482 in
486 3416 647 3501 expiando
671 3415 780 3499 aliquo
803 3415 948 3482 facinore
977 3419 1102 3502 captari
1131 3419 1300 3503 oportebat
1348 3492 1352 3498 ,

167 3521 208 3589 cf.
224 3521 311 3587 Fest.
336 3522 407 3588 297.
445 3521 598 3587 Fortasse
621 3519 717 3585 ctiam
740 3518 822 3584 inter
837 3525 1019 3605 ‚praecepta
1041 3520 1086 3587 ad
1100 3521 1150 3587 ius
1165 3521 1299 3606 pomerii

168 3625 350 3710 spectantia
386 3622 626 3711 provocationIs
663 3621 863 3688 Horatianae
900 3624 1020 3690 mentio
1057 3624 1125 3692 fieri
1162 3631 1298 3709 poterat.

166 3727 314 3810 Namque
336 3728 371 3793 in
393 3727 529 3814 pomerii
551 3725 675 3792 ambitu
696 3724 859 3792 verberari
881 3734 976 3792 nemo
999 3726 1151 3794 debuisse
1172 3726 1298 3794 videtur

187 4045 192 4051 μ
235 3969 261 4037 1)
279 3967 316 4023 Μ.
329 3968 361 4022 R.
374 3967 400 4021 S.
418 3967 440 4034 Ι,
458 3966 499 4020 25.
519 3997 552 4006 -
569 3964 600 4034 2]
612 3965 642 4019 in
661 3963 797 4035 enoyolop.
816 3965 892 4021 Paul.
911 3965 945 4032 H,
966 3966 1041 4021 1176.
1051 3997 1084 4047 Ι-
1100 3968 1126 4037 3)
1143 3968 1198 4022 Lir.
1217 3968 1238 4033 1,
1256 3968 1297 4022 26.

166 4053 246 4109 Dion.
264 4054 313 4120 III,
331 4055 372 4110 22.
408 4051 480 4108 Fert.
498 4051 556 4108 297.
