2880 4710
653 205 692 282 51

646 309 757 316 -.-.-.--

109 429 264 498 augurum
302 407 473 495 disciplina
509 408 688 474 consentit‘
744 406 828 474 Dein
862 426 938 475 vero
976 404 1241 495 quandocumque

109 514 257 600 auspicia
279 519 411 599 captata
433 531 505 578 esse
528 512 569 578 ab
593 510 702 594 aliqua
725 511 807 576 caeli
828 519 921 596 parte
943 512 1091 581 audimus
1115 535 1242 602 semper

110 619 152 683 ab
177 617 299 683 oriente
322 617 391 683 sole
414 620 544 700 captata
567 633 639 680 esse
660 615 837 681 traduntur.
882 615 1029 699 Namque
1052 617 1086 683 in
1109 618 1242 703 inaugu-

110 719 235 786 ratione
258 717 386 802 quidem
410 737 563 803 augurem
587 718 741 784 orientem
764 736 875 784 versus
896 718 1007 784 sedem
1029 721 1155 806 cepisse
1177 721 1243 788 iam

110 842 210 908 supra
247 822 499 890 demonstratum
535 823 630 905 est1).
683 822 765 886 Tum
800 820 1009 906 imperatores
1045 822 1089 889 ad
1125 825 1243 891 bellum

110 925 313 1010 profecturos
343 926 384 992 ab
416 924 538 991 oriente
568 924 637 990 sole
667 923 821 1007 auspiciis
851 944 982 1010 operam
1017 924 1096 992 dare
1131 926 1242 993 solitos

111 1048 184 1095 esse
214 1028 313 1094 tradit
339 1027 469 1094 Cincius
499 1024 588 1111 apud
615 1027 747 1093 Festum
770 1027 859 1093 24L:
897 1027 1087 1112 Complures
1116 1036 1243 1097 nostros

110 1131 144 1196 in
161 1130 320 1216 Capitolio
345 1151 365 1196 a
386 1130 455 1197 sole
478 1129 602 1195 oriente
623 1128 778 1214 auspiciis
794 1149 925 1216 operam
940 1130 1019 1198 darc
1035 1132 1158 1200 solitos‘
1173 1153 1242 1215 sqq.

111 1232 259 1317 Denique
282 1220 380 1300 etiam
402 1252 458 1300 eos
482 1235 535 1316 qui
551 1233 758 1318 magistratus
773 1232 891 1298 inirent
905 1234 948 1300 ad
964 1234 1117 1302 orientem
1133 1255 1244 1304 versos

112 1336 153 1403 de
176 1337 269 1404 eaelo
289 1355 438 1404 servasse
459 1336 551 1403 testis
567 1342 616 1402 cst
631 1336 767 1421 Dionys.
782 1336 855 1402 Hal.
872 1337 991 1421 antiqq.
1007 1338 1098 1405 Rom.
1115 1339 1156 1424 ΙΙ,
1173 1341 1244 1422 59).

198 1440 350 1508 Attamen
371 1460 448 1506 vero
471 1439 535 1506 duo
558 1439 752 1526 gravissima
773 1446 805 1506 et
826 1440 1081 1507 luculentissima
1092 1442 1245 1509 Varronis

112 1543 297 1610 testimonia
318 1545 449 1610 obstant
470 1563 533 1625 quo
555 1543 661 1609 minus
683 1542 717 1607 in
739 1542 828 1610 illam
859 1543 1052 1611 sententiam
1082 1544 1153 1611 sine
1179 1544 1247 1611 ulla

114 1647 313 1713 dubitatione
335 1645 560 1713 concedamus.
604 1645 641 1711 In
663 1646 745 1712 libro
768 1646 852 1712 enim
875 1646 985 1729 quinto
1008 1647 1245 1732 epistolicarum

115 1750 335 1832 quaestionum
351 1749 453 1816 Varro
476 1748 565 1833 apud
586 1749 672 1816 Fest.
688 1749 778 1814 3392·
802 1749 849 1816 sic
871 1748 950 1816 lacit
970 1749 1084 1816 verba:
1121 1751 1150 1816 A
1172 1750 1247 1818 deo·

115 1872 182 1918 rum
206 1853 284 1920 sede
307 1852 435 1919 cumin
457 1851 622 1919 meridiem
645 1858 772 1937 spectes
794 1851 880 1935 quod
909 1851 953 1918 ad
982 1852 1145 1919 sinistram
1173 1859 1248 1920 sunt

115 1963 224 2041 partes
256 1956 368 2022 mundi
405 1955 585 2021 exorientes
622 1955 665 2021 ad
702 1954 868 2021 dexteram
905 1954 1089 2022 occidentes
1126 1957 1246 2024 tactum

116 2060 254 2126 arbitror
274 2065 310 2125 ut
332 2059 463 2126 sinistra
485 2058 618 2125 meliora
640 2058 787 2144 auspicia
809 2078 904 2141 quam
927 2058 1061 2125 dextera
1083 2079 1155 2127 esse
1184 2059 1247 2125 exi·

116 2163 292 2229 stimentur.
322 2162 408 2229 idem
441 2162 510 2228 lere
546 2162 688 2236 sentiunt
717 2160 848 2228 Sinnius
878 2161 994 2246 Capito
1031 2169 1062 2229 ct
1095 2162 1248 2229 Cincius}

116 2265 239 2332 Eodem
262 2264 345 2332 redit
368 2265 453 2350 quod
463 2266 565 2332 Varro
580 2264 615 2328 L.
633 2264 669 2329 L.
683 2262 753 2349 VII,
771 2268 799 2329 7.
822 2264 972 2332 caelestis
994 2263 1123 2348 quidem
1138 2263 1249 2350 templi

116 2375 226 2454 partes
249 2369 291 2434 ab
315 2367 437 2434 eisdem
460 2368 647 2453 regionibus
670 2366 876 2434 determinat:
904 2366 982 2432 Eius
1005 2369 1117 2455 templi
1139 2374 1248 2453 partes

116 2478 266 2555 quattuor
287 2470 436 2537 dicuntur
457 2470 588 2537 sinistra
610 2471 652 2538 ab
675 2469 797 2537 oriente
820 2469 934 2536 dextra
948 2471 991 2537 ab
1007 2490 1125 2538 occasu
1140 2470 1248 2536 antica

117 2575 160 2642 ad
182 2573 348 2640 meridiem
370 2573 497 2660 postica
524 2574 568 2640 ad
595 2573 866 2659 septentrionem!
909 2575 1012 2640 Nemo
1040 2574 1123 2640 enim
1151 2573 1274 2639 facile·

117 2678 271 2746 Varronis
301 2676 484 2744 testimonia
512 2677 559 2743 ita
586 2676 754 2763 explicarit
782 2683 817 2743 ut
844 2677 979 2743 alterum
1007 2676 1052 2743 ad
1079 2677 1248 2742 Etruscam

118 2781 321 2867 disciplinam
350 2780 470 2847 referat
498 2780 633 2847 alterum
663 2779 708 2846 ad
736 2780 876 2847 caeleste
905 2779 1058 2865 templum
1090 2780 1250 2865 pertinere

117 2891 258 2952 censeat.
311 2883 438 2950 Etenim
476 2884 508 2949 in
545 2884 651 2969 priore
688 2883 758 2950 loco
788 2883 944 2949 Etruscae
980 2881 1173 2969 disciplinae
1210 2901 1251 2948 ne

118 2987 289 3073 vestigium
312 2988 440 3072 quidem
464 2987 600 3074 adparet
621 2987 654 3051 in
683 2985 861 3070 posteriore
889 2985 997 3053 facere
1025 3006 1090 3052 non
1119 3005 1251 3072 possum

119 3093 195 3175 quin
219 3090 316 3157 aliam
339 3089 487 3157 caelestis
511 3089 621 3175 templi
650 3088 807 3156 rationem
836 3089 937 3157 fuisse
967 3109 1063 3173 qurum
1092 3089 1251 3156 terrestris

121 3214 217 3277 quam
240 3192 420 3281 aegerrime
449 3190 634 3259 concedam.
679 3192 791 3276 ltaque
817 3192 851 3259 ni
881 3192 947 3259 alia
977 3192 1089 3260 melior
1118 3193 1173 3259 via
1200 3212 1251 3258 ex-

120 3298 265 3382 plicandi
287 3297 412 3382 patebit
433 3295 467 3362 id
489 3296 592 3362 solum
621 3303 769 3382 superest
796 3301 831 3362 ut
860 3295 894 3361 in
924 3295 1063 3363 comitiis
1092 3295 1251 3362 habendis

121 3421 204 3482 quae
234 3399 381 3486 auspicia
411 3400 483 3466 sola
511 3399 579 3466 sere
608 3405 731 3466 restant
759 3398 857 3465 aliam
879 3398 1050 3468 ‚rationem
1087 3419 1181 3482 quam
1217 3399 1251 3463 in

119 3503 235 3570 ceteris
257 3503 357 3570 fuisse
380 3502 579 3589 suspicemur
600 3506 697 3585 atquc
719 3502 765 3568 ita
786 3500 916 3585 quidem
939 3509 973 3568 ut
991 3522 1055 3568 non
1072 3501 1252 3568 oboriente

121 3607 191 3673 sole
220 3607 279 3673 sed
308 3628 330 3673 a
358 3605 539 3673 meridiana
568 3605 700 3691 regione
729 3604 877 3690 auspicia
910 3610 1060 3690 captasse
1089 3603 1252 3670 Romanos
1325 3634 1327 3639 ·

121 3729 327 3776 coniciamus.

193 3866 218 3932 1)
236 3864 342 3933 Fragm.
353 3862 403 3928 XI,
420 3878 480 3933 pag.
492 3863 535 3919 23.
552 3893 585 3903 -
603 3865 630 3932 2)
646 3863 704 3918 Huc
721 3862 821 3918 rituum
839 3861 1017 3933 discrepantia
1033 3861 1182 3918 luculenter
1193 3875 1254 3931 per·

122 3949 234 4019 spiritur
251 3965 342 4006 verum
359 3963 419 4005 csse
437 3950 507 4019 quod
525 3964 608 4019 supra
624 3966 651 4019 p.
669 3949 693 4003 7.
710 3949 865 4019 auguralem
889 3947 1056 4020 disciplinam
1073 3948 1254 4004 Romanorum

120 4036 154 4090 ab
173 4035 294 4091 Etruscis
312 4036 430 4106 pendere
448 4037 550 4105 negavi.
1004 4121 1044 4172 μ
