2880 4710
706 224 726 288 8

152 411 252 477 durch
282 410 341 476 das
370 410 497 495 Ganue3
535 410 611 478 dass
641 411 746 479 dieser
774 411 935 479 'Euskisch
963 413 1021 498 ist,
1058 413 1192 480 beweist
1221 413 1273 478 die

152 515 303 599 folgende
324 514 547 600 Darstellung‘
570 515 720 583 concidat
742 534 874 582 necesse
896 521 953 582 est.
996 516 1144 599 Namque
1172 516 1275 581 taber-

153 619 270 684 nacula
291 615 371 683 nihil
394 624 467 684 sunt
494 618 557 684 nisi
585 619 706 704 templa
734 621 858 686 minora
867 619 903 705 ¹).
947 620 1090 705 Apparet
1116 618 1213 705 igitur
1241 618 1274 682 in

153 721 359 788 tabernaculo
383 720 541 806 capiendo
563 720 598 787 id
627 729 675 788 est
704 722 737 786 in
767 722 886 808 templo
915 721 1043 789 effando
1073 740 1163 787 nsum
1185 721 1275 786 Etru-

153 844 279 892 scorum
302 825 343 890 ab
366 842 425 890 usn
447 824 665 892 Romanorum
687 824 848 891 diversum
870 825 979 893 fuisse.
1017 825 1164 891 Ceterum
1186 832 1220 890 ut
1242 824 1275 888 in

152 928 213 994 hoc
235 928 354 1012 templo
381 928 490 1012 paullo
519 927 637 995 diutius
667 948 859 1015 commorer,
889 929 985 995 etiam
1014 929 1048 993 in
1076 948 1114 994 eo
1143 933 1276 1009 utraque

140 1032 325 1117 ,disciplina
354 1030 483 1097 diversa
511 1031 636 1098 videtur
671 1051 742 1099 esse
776 1031 862 1114 quod
890 1032 1026 1098 Romani
1061 1030 1206 1096 homines
1242 1030 1276 1095 ni

153 1135 262 1202 omnia
291 1153 342 1200 me
373 1134 503 1218 fallunt,
540 1134 574 1200 in
604 1135 722 1220 templo
752 1135 880 1202 effando
909 1130 1097 1219 legibusque
1130 1133 1276 1199 dicendis

155 1239 307 1306 orientem
329 1257 440 1303 versus
464 1244 610 1323 spectare
632 1239 781 1305 solebant
791 1237 816 1324 2)
832 1239 957 1304 Etrusci
979 1237 1143 1303 meridiem
1165 1256 1276 1303 versus

153 1342 366 1408 intuebantur.
409 1342 495 1407 Nam
524 1342 615 1408 Attus
637 1341 759 1407 Navius
790 1341 918 1424 quidem
949 1361 1042 1425 quem
1070 1341 1275 1406 Etruscorum

154 1444 358 1529 disciplinam
388 1444 581 1537 exercuisse·
597 1465 637 1511 ex
665 1464 703 1510 eo
734 1444 890 1510 evincitur
919 1444 1005 1528 quod
1034 1444 1076 1510 ad
1105 1464 1200 1510 uvam
1230 1443 1277 1508 in-

154 1548 345 1615 veniendam
369 1547 493 1614 caelum
515 1549 548 1614 in
571 1547 710 1614 sedecim
732 1556 841 1634 partes
864 1547 971 1614 divisit
999 1548 1077 1633 (Cic.
1102 1547 1142 1614 de
1165 1549 1228 1614 div.
1251 1551 1276 1632 l,

155 1654 204 1717 17.
233 1650 299 1736 31.)
330 1650 366 1715 id
401 1651 488 1732 qnod
515 1650 721 1718 Etruscorum
756 1651 919 1737 proprium
957 1657 1026 1717 erat
1059 1649 1113 1737 (de
1142 1653 1205 1717 div.
1234 1653 1277 1736 ΙΙ,

155 1755 204 1819 18.
227 1753 294 1839 42.)
317 1775 337 1820 a
359 1752 514 1821 Cicerone
535 1755 568 1821 ll.
590 1755 757 1821 meridiem
778 1773 890 1820 versus
913 1754 1108 1840 spectavisse
1131 1754 1274 1819 traditur.

152 1858 201 1923 Ti.
238 1862 357 1926 autem,
374 1857 554 1944 Sempronii
590 1856 772 1924 testimonio
809 1876 962 1923 assensus
999 1864 1047 1922 est
1081 1857 1123 1923 Μ.
1153 1858 1276 1922 Tullius

153 1959 266 2027 Cicero
288 1960 363 2025 item
386 1981 496 2045 augur.
527 1961 676 2043 Namque
698 1960 731 2025 in
754 1959 892 2046 epistola
913 1960 957 2026 ad
972 1960 1146 2026 Caecinam
1169 1959 1278 2046 datass)

155 2084 250 2147 quem
265 2064 420 2130 Etruscae
441 2063 632 2149 disciplinae
654 2062 921 2151 studiosissimum
944 2064 1043 2130 fuisse
1066 2069 1173 2130 notum
1197 2063 1278 2150 esar)

154 2169 254 2233 verba
275 2167 354 2232 facit
375 2167 407 2231 in
430 2166 515 2232 bunc
542 2166 685 2233 modum:
724 2187 802 2251 ,non
832 2167 928 2250 igitur
956 2186 996 2232 ex
1025 2166 1110 2232 alitis
1136 2166 1280 2232 involatu

155 2291 214 2336 nec
237 2291 255 2336 e
277 2276 373 2335 cantu
396 2270 523 2337 sinistro
547 2269 665 2337 oscinis
689 2269 776 2334 utin
805 2276 914 2336 nostra
942 2269 1113 2355 disciplina
1143 2275 1192 2336 est
1219 2291 1277 2335 nec

157 2395 196 2440 ex
218 2372 366 2457 tripudiis
389 2373 553 2439 solistimis
576 2377 631 2439 aut
653 2371 788 2439 soniviis
803 2373 861 2439 tibi
876 2376 1034 2457 auguror‘
1071 2373 1170 2439 Suam
1184 2375 1280 2459 igitur

155 2477 195 2543 ie.
225 2476 403 2542 Romanam
434 2475 637 2562 disciplinam
669 2477 873 2543 Etruscorum
911 2476 1101 2562 disciplinae
1121 2478 1277 2562 [opponit.

156 2579 245 2646 Idem
269 2579 381 2646 Cicero
404 2579 460 2664 (de
482 2579 546 2646 div.
569 2581 594 2665 Ι,
617 2581 668 2646 33.
686 2577 751 2662 72.)
775 2599 851 2645 suos
872 2579 906 2645 id
929 2586 978 2646 est
998 2580 1161 2646 Romanos
1182 2580 1280 2647 libros

157 2684 328 2768 augurales
351 2684 393 2749 ab
415 2683 619 2750 Etruscorum
648 2688 680 2748 et
708 2681 922 2769 haruspicinis
951 2688 982 2748 et
1009 2683 1221 2767 fulguralibus
1251 2691 1282 2749 et

157 2786 324 2852 ritualibus
346 2786 437 2853 libris
459 2787 565 2853 verbis
587 2786 694 2871 planis
717 2794 856 2872 separat.
893 2784 1007 2852 Adicio
1031 2786 1168 2868 denique
1183 2806 1280 2852 unum

158 2890 272 2955 saltem
295 2889 472 2974 exemplum
497 2889 643 2972 quamvis
665 2889 763 2955 etiam
791 2889 886 2975 plura
912 2888 1019 2955 afferri
1046 2888 1186 2976 possint,
1217 2910 1279 2972 quo

158 2992 322 3075 utriusque
351 2992 541 3076 disciplinae
570 2991 786 3078 discrepantia
814 2991 966 3058 illustrari
995 2993 1106 3079 possit.
1156 2993 1281 3059 Etrusci

159 3095 244 3161 enim
258 3115 323 3161 non
338 3096 442 3181 magis
458 3115 554 3178 quam
565 3095 701 3161 Romani
713 3095 821 3162 avium
834 3095 1087 3163 observationem
1100 3097 1281 3181 neglexisse

158 3199 314 3264 videntur.
359 3199 521 3265 Evincitur
543 3197 604 3264 hoc
631 3219 702 3264 cum
731 3219 771 3265 ex
798 3219 835 3264 eo
863 3198 948 3282 quod
969 3201 1062 3265 Attus
1084 3201 1206 3266 Navius
1235 3221 1282 3267 se-

159 3302 298 3375 cundum
319 3301 454 3388 Dionys.
478 3303 536 3386 111,
561 3303 610 3369 70.
632 3302 776 3369 Etruscis
798 3301 933 3367 traditur
953 3302 1011 3388 τὴν
1033 3305 1282 3389 οἰωνοσκοπικὴν

159 3403 441 3489 διδαχθησόμενος
463 3411 529 3472 tum
552 3426 591 3472 ex
613 3425 651 3471 eo
671 3405 758 3487 quod
773 3405 954 3472 Umbricius
969 3406 1174 3474 Etruscorum
1190 3407 1280 3474 haru-

160 3508 282 3593 spicum
304 3508 515 3593 peritissimus
539 3508 714 3575 secundum
735 3508 906 3596 Plinium)
928 3510 1023 3577 etiam
1046 3511 1226 3577 accuratius
1248 3513 1281 3578 in

160 3611 268 3678 avium
292 3611 532 3705 observatarum
554 3618 701 3679 naturam
722 3611 848 3678 videtur
862 3612 1076 3696 inquisivisse.
1114 3615 1152 3680 In
1168 3615 1281 3681 avibus

160 3721 266 3780 autem
289 3715 498 3782 observandis
520 3715 657 3781 Romani
686 3715 830 3782 homines
858 3717 971 3801 paucis
999 3722 1122 3782 tantum
1153 3719 1283 3784 utebanss

229 3871 254 3933 1)
272 3868 344 3922 Ecst.
356 3868 415 3922 157.
432 3869 470 3922 M.
488 3899 522 3908 -
539 3869 564 3936 2)
582 3869 636 3923 Liv.
650 3870 671 3934 1,
684 3870 725 3923 18.
755 3869 834 3924 Dion.
850 3869 877 3923 11.
896 3869 931 3934 ΙΙ,
942 3870 967 3924 5.
995 3869 1064 3924 Plut.
1083 3887 1126 3939 qu.
1144 3871 1218 3926 Rom.
1238 3873 1279 3926 78.

161 3955 234 4009 Serv.
252 3955 370 4009 adden.
388 3955 429 4020 Il,
452 3955 509 4009 693.
529 3986 562 3996 -
579 3957 606 4024 3)
623 3955 657 4010 ad
674 3954 804 4042 famma
829 3955 852 4008 6.
872 3955 895 4008 l.
914 3985 947 3993 -
964 3954 990 4021 4)
1009 3955 1043 4010 ad
1060 3955 1121 4012 fam.
1140 3958 1191 4023 VI,
1215 3959 1239 4012 6.
1257 3960 1280 4013 3.

161 4041 221 4096 Sen.
240 4046 340 4109 quaest.
359 4047 413 4095 nat.
431 4042 466 4107 II,
484 4041 562 4096 56.1.
580 4072 612 4081 -
631 4041 656 4108 5)
676 4041 707 4095 cf.
725 4041 787 4095 Tac.
805 4039 867 4096 hist.
885 4041 908 4094 1,
921 4040 962 4094 27.
994 4039 1066 4096 Suet.
1084 4060 1108 4096 v.
1128 4042 1228 4100 Galbae
1240 4046 1281 4098 19.
