2880 4710
162 407 234 474 celli
256 407 353 494 Appii
375 408 493 475 Valerii
514 409 587 476 Iulii
608 409 738 477 Veranii
761 410 884 498 Nigidii
905 410 1003 477 Tullii
1025 412 1165 480 Terentii
1186 414 1285 482 libros

161 531 242 594 quos
273 515 313 579 de
342 513 495 599 auspiciis
525 516 735 600 scripserunt,
770 515 852 580 inter
880 515 1064 599 isagogieos
1098 520 1285 585 numerem?

159 617 230 681 Iam
252 638 327 683 vero
349 618 444 684 finem
470 619 641 703 praefandi
670 618 811 685 facturus
841 616 984 684 ordinem
1012 638 1075 700 quo
1104 619 1286 706 fragmenta

160 740 352 806 componere
374 722 522 788 constitui
544 723 690 808 pauculis
713 720 873 788 indicabo.
917 720 965 786 Ac
992 721 1128 806 primum
1157 725 1285 807 quidem
1381 718 1384 723 ’

159 823 360 909 auguralium
382 823 534 892 librorum
557 825 738 910 fragmenta
765 823 915 909 colligam
945 824 989 889 ita
1019 832 1053 890 ut
1082 826 1184 910 primo
1213 829 1284 895 loco

158 927 249 1013 ipsos
269 926 366 992 libros
382 928 481 994 altero
498 928 742 1018 commentarios
758 948 797 994 ae
813 925 942 993 decreta
958 927 1119 994 collocem.
1157 930 1284 998 Deinde

160 1030 203 1096 ad
232 1032 331 1097 verba
361 1031 538 1116 singularia
568 1030 787 1117 transgrediar
816 1049 899 1119 quae
929 1049 980 1095 me
1000 1029 1144 1112 ·quidem
1177 1033 1297 1101 iudice*

157 1133 321 1217 quondam
344 1135 377 1199 in
391 1135 479 1201 libris
495 1129 703 1220 auguralibus
719 1133 862 1200 lectitata
876 1139 958 1199 sunt.
996 1133 1160 1202 Particula
1174 1144 1280 1203 autem

157 1239 261 1304 altera
283 1238 375 1304 huius
397 1239 498 1305 libelli
520 1258 602 1322 quae
625 1224 879 1323 quamprimum
906 1236 974 1302 fieri
1000 1238 1116 1323 poterit
1145 1240 1283 1324 priorem

158 1342 368 1425 subsequetur
389 1341 572 1427 fragmenta
592 1342 744 1409 librorum
766 1340 1004 1428 isagogioorum
1028 1342 1211 1409 continebit.

393 1619 773 1703 Fragmentaglibrorum
795 1618 1051 1704 000110110111).

243 1755 267 1818 1.
292 1753 381 1819 Libri
403 1753 575 1838 augurales
598 1754 652 1837 qui
677 1754 804 1839 proprie
827 1753 874 1818 sic
895 1760 1059 1819 vocantur.

286 1859 323 1924 A.
346 1859 541 1943 Fragmenta
563 1856 606 1924 ad
628 1857 677 1922 ius
701 1875 827 1924 sacrum
849 1855 1028 1923 referenda.

327 1980 356 2025 a.
379 1962 507 2047 Fragm.
532 1960 573 2027 ad
596 1960 728 2027 deorum
751 1958 868 2025 cultum
892 1959 1093 2046 pertinentia.

244 2099 373 2184 Fragm.
396 2098 412 2163 1
434 2131 476 2154 =
499 2098 588 2165 Serv.
611 2097 656 2164 ad
676 2100 756 2162 Aen.
773 2097 826 2180 IV,
849 2095 907 2161 45:
931 2097 1057 2162 Junone
1079 2097 1281 2165 secunda...

157 2202 305 2283 quamvis
329 2209 360 2266 et
381 2202 455 2288 ipsa
476 2202 509 2267 in
531 2200 621 2267 libris
643 2220 799 2286 augurum
814 2218 966 2284 praeesse
982 2200 1105 2266 dicatur
1120 2202 1282 2287 auspiciis.

205 2290 207 2294 ¹
243 2306 283 2371 cl.
300 2304 389 2370 Serv.
406 2304 449 2370 ad
463 2307 543 2370 Aen.
559 2305 613 2388 1V,
632 2306 702 2369 166.
722 2304 792 2368 161.
812 2291 814 2296 ’
835 2303 883 2367 Ex
906 2302 966 2370 hoc
989 2309 1020 2368 et
1041 2303 1282 2386 insequentibus

155 2409 347 2493 fragmentis
371 2411 504 2492 planum
525 2408 560 2473 fit
582 2406 721 2473 dubitari
744 2425 840 2492 posse
862 2405 903 2471 de
924 2407 1059 2472 veritate
1075 2407 1143 2473 eius
1159 2408 1283 2473 senoen-

154 2516 222 2578 tiae
244 2532 340 2594 quam
363 2510 492 2595 protulit
512 2511 554 2577 M.
569 2511 605 2575 R.
623 2509 655 2574 S.
679 2511 704 2576 1.
727 2531 757 2595 p.
775 2509 803 2572 1.
828 2507 904 2573 adn.
920 2512 949 2572 ⁴2.

246 2616 375 2700 Fragm.
398 2614 431 2678 11
460 2646 500 2667 =
531 2614 617 2680 Fest.
646 2635 676 2699 p.
709 2615 795 2677 157.:
840 2615 951 2678 llones
979 2612 1012 2676 di
1039 2613 1080 2678 ab
1108 2614 1282 2698 auguribus

155 2723 346 2786 invocantur
368 2716 455 2800 quod
470 2717 481 2781 i
495 2717 553 2802 per
568 2717 676 2783 omnia
691 2713 834 2781 aetheria
848 2721 1037 2798 terrenaque
1053 2715 1281 2804 [codd-aeque

156 2825 197 2889 ef.
220 2816 328 2887 tamen
351 2821 439 2888 Serv.
457 2820 542 2886 Aen.
566 2821 631 2904 111,
655 2817 707 2906 63]
730 2816 875 2907 man[are
904 2818 1083 2885 credantur.
1127 2820 1217 2891 ldem
1247 2821 1280 2885 di

155 2924 275 3013 sulperi
297 2932 392 3007 atque
411 2924 505 2989 inferi
521 2922 721 3010 [dicebantur
736 2941 816 3004 quos
832 2921 905 2988 ideo
921 2921 1125 3010 invocabant]
1142 2943 1280 3008 augures

155 3030 242 3112 quod
263 3026 298 3094 hi
320 3026 596 3116 [existimabantur
618 3027 725 3092 101010
747 3023 845 3112 11100]
869 3024 1015 3092 hominis.

242 3131 409 3218 Supplevit
430 3129 601 3195 Muellerus
623 3135 697 3213 post
719 3127 870 3195 Ursinum
893 3147 933 3195 ex
955 3129 1055 3195 Paulo
1080 3130 1150 3194 156.

242 3236 372 3319 Fragm.
389 3235 449 3298 lll⁸
471 3266 512 3287 =
535 3232 600 3299 Cic.
624 3228 664 3297 de
686 3240 751 3297 nat.
776 3231 861 3297 deor.
878 3231 935 3311 llI,
959 3234 1008 3296 20.
1025 3235 1089 3296 52:
1112 3233 1225 3315 Itaque
1248 3239 1279 3299 et
1408 3255 1410 3259 ’

155 3339 267 3405 Fontis
286 3337 456 3404 delubrum
477 3336 569 3403 Maso
592 3355 632 3402 ex
655 3334 786 3402 Corsica
813 3334 975 3407 dedicavit
1001 3341 1032 3400 et
1061 3334 1094 3399 in
1123 3355 1279 3423 augurum

155 3442 339 3528 precatione
369 3442 558 3508 Tiberinum
587 3431 765 3523 Spinonem
793 3443 992 3505 Anemonem
1020 3440 1179 3504 Nodinum
1215 3439 1279 3505 alia

155 3545 409 3632 propinquorum
430 3543 595 3608 fluminum
617 3543 748 3608 nomina
769 3540 925 3606 videmus.

240 3647 369 3731 Fragm.
392 3648 455 3712 Illb
477 3678 518 3701 =
540 3648 628 3712 Serv.
652 3645 695 3711 ad
717 3646 797 3711 Aen.
822 3644 912 3729 Vlll,
936 3643 1003 3709 bb:
1035 3644 1112 3726 quia
1133 3643 1276 3712 Tiberim

155 3752 228 3817 libri
251 3770 406 3834 augurum
428 3755 599 3818 colubrum
620 3751 791 3833 loquuntur
813 3754 975 3830 tamquam
998 3746 1183 3813 flexuosum.

225 3943 251 4005 1)
274 3939 316 3994 Ea
339 3938 486 4006 fragmenta
508 3953 576 4008 quae
600 3951 633 3992 ex
656 3937 732 3992 libris
755 3936 821 4006 ipsis
845 3935 910 3990 mihi
941 3935 1081 4007 desumpta
1111 3935 1276 4002 videbantur,
1307 3942 1309 3947 ⁴

153 4029 251 4084 litteris
268 4025 421 4080 maiusculis
437 4025 612 4095 imprimenda
628 4024 726 4080 curari.
1154 4067 1157 4072 .

1054 4108 1071 4162 2
