2880 4710
679 224 758 323 ,⁵⁴s'-
789 318 798 323 -

238 416 287 480 De
309 418 515 481 cernelieciuue
536 438 581 501 p.
597 418 663 481 :Ion
686 416 728 481 de
743 420 931 498 precatione
945 420 1087 483 marim
1104 438 1153 503 tp.
1171 422 1232 503 18)
1247 420 1292 489 de

153 521 360 587 invinatione
396 520 443 602 (p.
474 518 541 603 20.)
577 518 619 585 de
655 522 872 586 consensione
908 522 954 604 lp.
989 521 1058 603 35.)
1095 520 1139 588 de
1174 525 1294 605 legum

151 626 295 691 dictione
317 626 364 706 (p,
387 622 454 701 25.)
478 636 537 687 etc.
561 622 625 687 iam
648 623 715 688 suis
737 622 817 688 locis
839 621 1035 709 disputatum
1058 631 1118 690 est.

238 725 388 809 Sequitur
410 738 443 789 ut
465 726 564 790 rerba
587 725 747 808 quaedam
770 725 941 792 sollemnIa
963 727 1007 792 ad
1029 747 1172 813 augures
1195 733 1295 816 perti·

152 830 261 897 nentia
283 830 346 895 nisi
368 828 450 893 forte
472 830 536 893 iam
559 830 877 895 commemorarimus
899 831 932 895 in
953 831 1044 897 libris
1067 830 1170 899 fuisse
1192 832 1295 919 signi-

152 934 293 999 ficemus.
338 932 478 996 Dubium
500 932 586 996 enim
615 950 687 998 esse
716 953 781 997 non
810 942 916 1017 potest
945 934 1022 1017 quin
1051 934 1155 999 rerba
1183 952 1293 1019 augu-

152 1038 246 1103 randi
276 1048 308 1101 et
336 1037 529 1118 auspicandi
559 1037 591 1099 in
619 1055 658 1101 eo
688 1055 821 1101 numero
849 1037 975 1102 luerint.
1032 1036 1104 1103 lluc
1126 1036 1295 1105 accedunt

151 1140 252 1205 verba
275 1140 441 1224 sedendv)
463 1141 636 1223 cumnis)
649 1142 828 1222 augurium
841 1142 992 1222 agendii)
1008 1144 1294 1223 lituumpromel·

152 1245 239 1310 leudi
248 1248 277 1325 4)
299 1242 453 1327 templum
476 1243 544 1308 sire
565 1241 671 1308 locum
694 1243 764 1308 sire
785 1263 899 1328 agrum
921 1245 1091 1322 cnemis)
1113 1246 1293 1313 uberanti-

152 1348 275 1429 que⁵*’p.
329 1345 412 1411 Dein
442 1346 573 1411 dubium
603 1366 668 1411 non
705 1354 754 1412 est
790 1346 866 1428 quin
901 1349 1197 1414 tabernaculorum
1233 1368 1293 1415 seu

153 1449 311 1515 minorum
333 1449 524 1532 templorum
547 1449 580 1513 in
604 1448 694 1515 libris
717 1450 805 1514 t'acta
826 1450 946 1515 mentio
969 1451 1010 1515 sit
1019 1454 1056 1533 6).
1101 1449 1205 1518 Ροπο
1237 1450 1294 1518 ad-

152 1551 298 1617 verbium
320 1555 485 1634 extempio
508 1552 569 1617 huc
592 1550 696 1618 resero
719 1551 806 1634 quod
828 1552 1013 1637 aSerrio²p
1036 1551 1167 1636 quidem
1189 1574 1293 1641 augu-

153 1674 224 1721 rum
246 1656 387 1723 semioni
408 1656 566 1722 tribuitur.
611 1656 759 1738 Denique
787 1653 977 1739 fragmentis
1006 1656 1160 1723 librorum
1190 1677 1294 1744 augu-

153 1758 267 1825 ralium
290 1758 422 1825 nomina
445 1761 583 1845 partium
599 1759 801 1844 templarium
816 1778 874 1824 seu
889 1759 1056 1844 regionum
1072 1759 1294 1828 adnumerare

154 1862 262 1929 licebit
288 1881 423 1945 quarum
453 1864 536 1929 inter
565 1862 648 1929 alios
676 1862 755 1927 facit
788 1861 981 1928 mentionem
1010 1861 1101 1928 Serv.
1136 1861 1182 1930 ad
1217 1866 1292 1932 buc.

155 1968 308 2051 lx,15.:
346 1986 487 2052 augures
510 1966 607 2032 ctiam
629 1965 802 2052 designaut
824 1966 932 2049 spatia
962 1965 1040 2032 lituo
1069 1974 1101 2031 et
1131 1966 1180 2033 eis
1211 1968 1295 2034 dant

154 2071 285 2137 nomina
308 2078 342 2136 ut
364 2070 468 2155 prima
490 2088 566 2154 pars
589 2068 714 2134 dicatur
734 2072 845 2135 antica
868 2069 1025 2153 posterior
1053 2072 1182 2152 postica
1212 2071 1293 2137 item

153 2175 266 2240 dcttm
290 2180 321 2238 et
342 2173 498 2239 sinistru‘
543 2171 690 2237 Attamen
714 2192 753 2238 ea
775 2172 922 2255 quaestio
944 2171 1136 2238 difficillima
1166 2179 1218 2238 est
1247 2174 1293 2240 ad

154 2295 249 2360 quam
279 2275 363 2340 caeli
389 2281 514 2359 partem
542 2293 599 2341 eas
629 2274 863 2360 appellationes
893 2275 1054 2360 pertinere
1085 2294 1294 2343 censeamus.

154 2378 192 2445 In
215 2380 422 2447 Etruscorum
444 2378 574 2463 quidem
601 2378 774 2465 disciplina
801 2378 959 2444 dubitatio
987 2397 1059 2444 esse
1087 2399 1152 2445 non
1179 2387 1294 2466 potest

148 2483 231 2567 quin
254 2484 364 2550 antica
386 2483 564 2549 meridiana
586 2484 686 2569 plaga
708 2481 812 2548 fuerit.
857 2482 964 2548 Testis
986 2488 1036 2548 est
1058 2480 1124 2548 Olc.
1152 2480 1194 2548 de
1222 2480 1292 2549 diu.

156 2588 180 2673 Ι,
199 2589 247 2651 17.
265 2589 331 2653 31.;
355 2606 412 2653 sue
435 2588 567 2655 iuventa
588 2586 631 2652 ad
654 2585 821 2652 meridiem
841 2592 991 2672 spectans
1012 2586 1046 2650 in
1067 2584 1177 2652 media
1190 2586 1293 2653 vinca

155 2691 271 2758 dicitur
298 2689 482 2757 constitisse
509 2710 554 2757 sc.
578 2691 671 2756 Attus
693 2689 863 2773 Navius8).
907 2689 1056 2754 Attamen
1085 2689 1118 2754 in
1139 2689 1293 2756 Romana

155 2792 330 2881 disciplina
351 2793 538 2879 plerumque
560 2794 715 2859 orientem
738 2811 849 2858 versus
865 2797 1048 2876 spectantes
1063 2790 1142 2856 mibi
1156 2791 1293 2875 quidem

156 2896 310 2981 auspiciis
339 2895 488 2962 videntur
517 2916 649 2981 operam
679 2895 817 2962 dedisse.
870 2894 976 2962 Testis
1006 2902 1056 2961 cst
1083 2894 1216 2961 Servius
1245 2896 1292 2962 ad

155 2998 305 3084 Aonii,
330 3000 409 3065 693:
454 2999 609 3066 Sinistras
640 3006 746 3066 autem
777 3007 885 3085 partes
916 2999 1184 3086 septentrionales
1215 3017 1293 3068 esse

226 3275 251 3341 1)
270 3274 342 3331 Serv.
362 3274 397 3329 ad
414 3276 481 3331 Aen.
494 3275 541 3340 IX,
558 3276 583 3328 4.
602 3274 764 3336 καθέζεσθαι
782 3275 854 3344 apud
871 3275 941 3329 Plut.
960 3273 1096 3330 Rom-22.
1122 3272 1206 3329 Maro.
1218 3273 1243 3329 5.
1255 3302 1292 3314 —-

155 3364 181 3428 2)
205 3360 278 3415 Paul.
306 3378 332 3431 p.
350 3362 390 3416 66.
417 3391 449 3400 -
473 3362 500 3431 3)
516 3361 603 3417 Varro
620 3362 651 3415 L.
668 3360 699 3414 L,
718 3360 770 3424 VI,
794 3362 835 3414 42.
872 3359 925 3415 cte.
945 3359 978 3415 dc
1002 3359 1053 3415 diu.
1072 3359 1100 3424 1,
1125 3357 1167 3414 17.
1187 3358 1230 3413 32.
1254 3388 1290 3398 -

155 3446 181 3515 d)
199 3446 227 3500 Si
245 3452 317 3502 recte
334 3445 432 3514 legitur
450 3449 521 3516 apud
539 3449 611 3505 Fest.
629 3449 707 3503 25312·
743 3447 785 3502 De
803 3444 869 3501 lituo
887 3446 919 3502 cf.
938 3446 991 3501 Cic.
1010 3444 1045 3500 de
1065 3444 1118 3501 div.
1134 3443 1163 3509 Ι,
1187 3442 1228 3496 17.
1247 3442 1292 3499 30.

156 3534 229 3590 Serv.
247 3536 314 3588 Aen.
328 3532 388 3599 v11,
407 3533 464 3590 ist.
500 3535 567 3592 Geli.
579 3537 612 3602 V,
630 3538 653 3592 8.
671 3538 715 3601 t==
733 3534 816 3589 Maur.
835 3531 888 3588 Sat.
902 3532 949 3599 VI,
966 3534 991 3589 8.
1009 3532 1045 3602 1.)
1072 3530 1142 3586 Plut.
1158 3528 1235 3585 Rom.
1246 3529 1291 3585 22.

156 3620 227 3675 Cam.
248 3622 288 3675 32,
309 3650 340 3660 -
359 3621 412 3690 58)
429 3619 501 3675 Serv.
520 3623 568 3689 III,
586 3624 645 3679 463.
664 3623 710 3687 VI,
730 3622 787 3676 197.
817 3619 902 3675 Varro
920 3619 989 3673 Μ..
1003 3618 1049 3683 VI,
1068 3617 1092 3672 Ι.
1103 3616 1146 3672 33.
1181 3614 1237 3671 cto.
1255 3616 1292 3670 ad

155 3707 211 3759 Att.
229 3704 308 3771 XIII,
326 3707 367 3760 42,
385 3707 409 3761 3.
446 3707 513 3763 Gell.
531 3708 611 3775 XIII,
631 3708 671 3762 14.
691 3739 724 3748 -
741 3708 796 3773 bb)
814 3706 885 3760 Serv.
904 3705 929 3769 I,
953 3703 1012 3760 446.
1047 3702 1122 3758 Paul.
1140 3700 1199 3755 124.
1236 3700 1291 3755 Cic.

156 3790 189 3845 do
208 3790 258 3861 leg.
277 3792 311 3857 ΙΙ,
330 3794 354 3847 8.
373 3823 404 3832 -
424 3794 451 3863 6)
468 3794 539 3849 Fest.
557 3794 634 3848 abab·
653 3795 685 3849 cl.
704 3794 777 3849 Serv.
790 3791 836 3857 IV,
855 3791 914 3845 200.
949 3791 1020 3844 Fest.
1035 3788 1092 3843 157.
1112 3802 1133 3842 s.
1145 3804 1170 3840 v.
1188 3786 1294 3842 minora

156 3877 264 3945 templa.
300 3878 391 3934 Verba
417 3880 557 3935 sollemnia
580 3885 657 3935 erant
679 3877 907 3936 tabernaculum
932 3888 1046 3944 capere.
1081 3871 1114 3927 ef.
1137 3872 1169 3926 B.
1192 3870 1231 3925 Μ.
1255 3871 1293 3935 ΙΙ,

157 3963 242 4020 :tta
269 3964 331 4020 adu.
351 3967 391 4022 74.
416 3996 449 4006 -
475 3967 591 4036 liseur.
615 3966 648 4022 ad
673 3969 739 4020 Aen.
764 3966 791 4018 Ι.
816 3964 858 4029 92,
893 3963 979 4019 Varro
1003 3961 1082 4017 L.L.
1102 3959 1168 4025 VII,
1191 3958 1233 4012 13.
1258 3988 1294 3997 -

156 4056 182 4121 8)
194 4067 272 4123 quem
284 4052 425 4109 Etruscam
444 4053 610 4124 IIsprliuom
628 4052 778 4108 exercuisse
796 4050 846 4105 iam
860 4065 941 4120 supra
953 4049 1160 4104 demonstratum
1173 4050 1215 4101 est
1226 4062 1253 4115 p.
1265 4046 1292 4101 8.
