2880 4710
634 255 798 353 31.-

155 463 208 511 me
230 445 340 510 sentio
360 444 480 510 dixisse
501 448 663 526 templum
684 453 875 528 tescumque
903 445 998 510 finito
1027 444 1061 509 in
1092 443 1275 512 sinistrum.

155 551 226 615 blla
248 554 339 614 veter
358 550 454 614 orbos
476 550 627 629 quirquir
648 555 698 614 est
720 567 818 631 quum
840 566 893 614 me
915 549 1022 614 sentio
1050 549 1169 614 dixisse
1195 554 1276 615 tem·
1394 635 1396 641 ,

154 654 249 732 plum
270 657 461 734 tescumque
476 652 570 716 iiuito
585 653 622 718 in
637 653 796 718 dextrum.
833 656 925 718 inter
939 669 977 717 eu
992 653 1186 732 conregione
1200 670 1276 718 con·

153 757 301 836 spicione
325 758 653 837 cortumione'utque
675 773 712 821 ea
734 757 918 842 ¹rectissime
939 756 1028 821 sensi
1052 799 1060 821 .
1081 786 1092 823 <.
1117 759 1136 822 ,⁶
1170 755 1277 822 Muell.

153 879 185 942 p.
205 859 274 922 120.
298 857 339 923 of.
363 856 507 924 eiusdem
530 856 604 923 adn.
628 859 695 924 crit.
972 926 976 931 ,

240 960 408 1046 Templum
431 960 585 1045 augurale
606 969 641 1026 ut
663 961 741 1027 dicit
762 961 863 1027 Varro
885 962 974 1027 locus
997 966 1046 1027 est
1067 962 1194 1045 augurii
1222 970 1279 1028 aut

154 1064 293 1149 auspicii
315 1084 416 1130 eausa
439 1064 628 1147 quibusdam
648 1064 812 1150 conceptis
829 1065 935 1130 verbis
950 1062 1067 1130 finitus.
1104 1064 1279 1148 Postquam

152 1168 237 1234 enim
260 1187 363 1252 augur
384 1167 462 1233 lituo
486 1169 633 1253 regiones
656 1168 771 1234 direxit
793 1169 861 1234 sive
883 1168 1097 1253 terminavitl)
1114 1187 1195 1254 opus
1211 1176 1280 1235 erat

153 1277 188 1335 ut
211 1278 243 1337 et
263 1272 374 1337 laevas
397 1278 429 1337 et
451 1271 579 1336 dextras
602 1279 709 1356 partes
738 1291 799 1354 quo
828 1277 1010 1356 spectarent
1039 1271 1279 1338 accuratissime

156 1373 303 1441 deliniret
317 1375 507 1460 signumque
523 1393 585 1457 quo
600 1380 755 1458 utraeque
767 1374 1036 1458 distinguerentur
1047 1375 1155 1441 animo
1166 1374 1279 1441 finiret.

155 1475 339 1543 Formulam
362 1484 468 1543 autern
490 1476 677 1544 sollemnem
699 1498 763 1561 qua
784 1477 846 1543 hoc
868 1477 902 1542 in
924 1478 1007 1544 Arce
1028 1477 1148 1543 factum
1171 1484 1220 1545 θεῖ
1245 1478 1279 1544 in

154 1581 259 1648 fronte
287 1580 416 1648 exhibui
445 1600 548 1663 neque
578 1580 734 1647 dubitatio
763 1580 830 1646 ulla
856 1586 963 1667 potest
990 1601 1061 1647 esse
1090 1581 1166 1665 quin
1195 1582 1280 1648 hane

154 1684 333 1763 formulam,
353 1683 560 1769 auguralibus
591 1685 680 1750 libris
710 1682 874 1751 vindicare
904 1683 1090 1751 debeamus.
1114 1724 1156 1734 -
1177 1686 1280 1768 ,Tem-

154 1788 258 1873 plum‘
280 1788 323 1854 ad
346 1787 482 1854 eandem
504 1788 645 1855 radicem
674 1789 769 1871 ‚tem‘
798 1787 937 1872 pertinet
965 1796 1061 1871 atque
1083 1787 1279 1855 Graecorum

153 1901 285 1974 τέμενος
307 1912 390 1976 quae
413 1891 542 1975 quidem
564 1891 658 1956 radix
673 1889 806 1957 secandi
821 1890 1087 1975 significationem
1103 1891 1277 1976 exhibet2).

155 1994 323 2078 Significat
351 1995 447 2081 igitur
476 1995 662 2081 ‚templum‘
693 1999 729 2059 ut
756 2000 841 2060 reete
870 1995 969 2061 Varro
999 1995 1139 2078 explicat
1173 1995 1279 2062 locum

153 2097 278 2163 finitum
299 2097 332 2163 id
356 2105 404 2165 θεῖ
425 2100 531 2165 locum
546 2099 586 2164 ab
603 2098 734 2181 reliquis
750 2096 836 2182 agris
852 2103 1036 2182 separatum
1051 2106 1147 2181 atque
1162 2098 1279 2166 disere-

153 2206 231 2265 tum.
281 2200 431 2284 Sequitur
460 2202 576 2269 deinde
606 2223 669 2268 vox
697 2202 820 2286 ,tesca‘
850 2220 932 2284 quae
960 2209 991 2268 et
1020 2203 1218 2289 etymologos
1248 2209 1280 2268 et

153 2305 353 2387 antiquarios
375 2305 470 2372 valde
492 2312 626 2372 exercet.
662 2306 709 2370 Ae
731 2304 868 2390 primum
890 2304 1019 2387 quidem
1041 2326 1104 2371 vox
1126 2306 1199 2392 ipsa
1218 2305 1279 2373 hoo

151 2407 223 2474 loco
245 2407 278 2472 in
302 2408 388 2474 nullo
411 2415 515 2475 exstat
536 2408 682 2495 oodice³)
705 2409 763 2475 sed
784 2428 824 2474 ex
839 2408 935 2474 Festo
951 2407 1096 2474 restituta
1110 2416 1159 2476 est
1173 2429 1279 2493 quam-

155 2530 252 2592 quam
282 2511 422 2578 dubitari
450 2533 515 2578 non
544 2518 649 2596 potest
680 2512 756 2595 quin
785 2531 897 2577 revera
933 2511 966 2576 in
1001 2511 1139 2578 formula
1173 2512 1276 2579 fuerit.

154 2613 285 2699 Triplex
308 2622 414 2681 autem
436 2622 485 2681 est
507 2613 593 2700 apud
615 2621 739 2681 veteres
760 2614 959 2697 antiquarios
973 2613 1068 2680 huius
1083 2616 1171 2682 vocis
1186 2616 1279 2682 inter·

153 2719 291 2802 pretatio
314 2718 472 2802 siquidem
495 2723 580 2784 reete
602 2718 717 2783 Festus
747 2739 767 2783 a
796 2717 914 2784 criticis
943 2719 1105 2785 restitutus
1135 2726 1192 2786 est.
1237 2720 1277 2785 ci.

153 2843 185 2906 p.
202 2822 291 2886 356⁶.
308 2823 349 2887 M.
386 2823 434 2889 Ao
458 2820 535 2887 milri
558 2820 687 2904 quidem
709 2841 781 2888 eum
803 2821 976 2907 Nisseno⁴)
1000 2842 1039 2888 ea
1061 2822 1278 2908 interpretatio

84 2972 91 2979 ⁴
153 2926 295 2992 maxime
316 2925 424 3012 placet
445 2946 509 3009 qua
530 2932 620 2991 tesca
640 2925 833 2991 definiuntur
862 2945 933 2992 esse
961 2925 1034 2992 loca
1063 2927 1197 3014 augurio
1227 2926 1279 2992 de-

154 3029 285 3113 signata
313 3049 375 3112 quo
406 3030 447 3095 sit
475 3028 610 3095 termino
641 3028 714 3094 linis
741 3028 775 3093 in
804 3022 888 3094 terra
918 3031 1040 3116 auguri.
1092 3030 1144 3096 De
1172 3037 1278 3116 etymo

154 3131 249 3198 huius
272 3133 361 3199 vocis
384 3131 424 3198 de
446 3152 510 3215 quo
533 3131 674 3198 nondum
691 3134 769 3198 certi
784 3133 957 3216 quicquam
972 3140 1098 3201 constat
1113 3133 1154 3200 ef.
1166 3133 1280 3200 Varro·

153 3256 229 3302 uem
251 3235 283 3302 ll.
305 3238 419 3302 Acron.
444 3235 486 3300 ad
509 3235 585 3301 Hor.
609 3256 682 3321 epp.
698 3237 723 3322 Ι,
748 3238 865 3303 14.19.
902 3238 1133 3304 Mommsenum
1155 3237 1205 3322 ,U.
1227 3237 1278 3303 D.‘

153 3359 185 3424 p.
203 3341 275 3404 300.
313 3337 514 3405 Huschkium
536 3338 600 3426 ‚die
615 3339 795 3408 Oskisoheu
811 3339 1135 3427 Sprachdenkm'aler‘
1157 3361 1189 3425 p.
1206 3342 1278 3408 202.

154 3443 292 3508 Pettium
315 3442 402 3527 apud
423 3442 460 3509 d.
477 3441 618 3509 Curtium
641 3443 674 3509 in
697 3450 791 3530 etym.
808 3444 862 3510 Gr.
884 3465 916 3530 p.
933 3447 1004 3509 224.
1022 3482 1059 3492 -
1072 3449 1161 3510 veter
1183 3444 1278 3511 arbos

155 3545 197 3612 cf.
213 3546 295 3611 Eun.
312 3567 386 3611 ann.
404 3549 453 3611 17.
490 3547 565 3612 Αθθ.
585 3554 666 3634 trag.
682 3549 754 3614 481.
771 3585 811 3596 —-
827 3548 969 3631 quirquir
991 3569 1063 3615 cum
1084 3546 1278 3614 rhotacismo

224 3736 250 3802 1)
267 3733 298 3787 cf.
317 3734 373 3788 Liv.
392 3734 417 3800 l,
435 3735 476 3788 18.
495 3739 522 3789 et
545 3734 636 3803 fragm.
654 3734 701 3788 XI.
719 3765 753 3775 -
770 3737 796 3806 2)
813 3735 844 3791 cf.
864 3735 950 3791 Curtii
972 3735 1090 3807 etymol.⁴
1112 3736 1170 3791 241.
1196 3735 1277 3804 signi·

154 3820 243 3874 ficatio
263 3821 341 3888 atque
359 3821 432 3889 origo
450 3820 523 3875 vocis
538 3821 666 3889 templum
683 3821 742 3876 luce
759 3822 856 3877 clarius
874 3829 985 3892 apparet
1003 3837 1036 3877 ex
1052 3823 1133 3877 Festo
1152 3839 1172 3877 s.
1191 3839 1214 3876 v.
1233 3821 1279 3890 qui

154 3907 284 3974 templum
308 3907 388 3960 etiam
411 3907 514 3974 tignum
536 3913 717 3962 transuersum
741 3909 793 3962 dici
815 3909 898 3963 tradit
920 3910 1004 3976 (ξύλον
1027 3911 1226 3979 ἐκτετμημένον).
1245 3935 1277 3946 -

155 3993 182 4061 3)
195 3993 270 4046 codd.
289 3996 411 4059 testaque
422 3996 492 4046 tecta
502 3997 583 4049 texta.
596 4024 629 4033 -
640 3994 667 4061 4)
678 3994 707 4048 in
717 3994 787 4049 libro
799 3995 845 4062 qui
856 3995 1000 4063 inscriptus
1012 4000 1053 4049 est
1064 3995 1120 4060 ‚das
1131 3992 1277 4062 Templum.

154 4079 236 4148 antiq.
255 4079 496 4146 Untersuchungen
513 4096 564 4134 von
582 4081 614 4135 H.
628 4082 734 4138 Nissen.
769 4081 840 4136 Berl.
858 4080 941 4134 1869.ί
959 4099 985 4152 p.
1002 4081 1043 4136 21.
