2880 4710
169 403 340 471 mentarios
361 424 432 474 eam
454 410 640 480 sententiam
662 419 761 482 secuti
783 439 894 488 sumus
916 433 952 490 ut
973 429 1021 495 eis
1045 438 1205 507 mandata
1222 464 1305 517 egge

168 512 254 577 facta
275 511 430 593 quaedam
452 516 707 585 memorabiliora
727 540 809 602 quac
831 524 863 588 in
886 536 1053 611 posterum
1085 559 1146 623 pro
1178 564 1305 618 norma

116 677 118 681 .
168 622 264 699 atque
284 616 395 702 regula
416 623 538 702 essent,
562 622 818 689 consentiremus.
863 628 969 712 Atque
992 636 1091 704 etiam
1115 643 1198 710 illud
1223 671 1306 720 con-

166 720 318 790 cessimus
340 720 373 786 in
396 722 629 790 commentariis
651 725 885 810 quodammodo
908 736 1161 820 explicationem
1197 759 1304 837 atque

164 827 454 912 interpretationem
475 827 625 894 librorum
646 830 845 915 auguralium
864 836 1027 916 prolatam
1042 842 1156 915 fuisse.
1196 856 1304 942 Atqui

163 954 236 1002 oum
262 952 391 1018 prorsus
420 931 504 999 idem
535 931 670 999 decretis
699 951 854 1016 augurum
884 936 1118 1014 vindicaverim
1147 960 1305 1039 sequitur

161 1047 196 1108 ut
218 1057 431 1124 magnacum
458 1035 682 1122 probabilitate
709 1035 936 1106 concludamus
965 1057 1222 1125 commentarios
1257 1084 1302 1132 ex

161 1142 299 1213 decretis
321 1143 349 1210 si
368 1163 433 1210 non
449 1140 595 1209 omnibus
610 1146 749 1207 attamen
764 1143 1075 1218 memorabilioribus
1092 1166 1302 1243 compositos

159 1268 347 1336 semperque
369 1246 475 1314 denuo
498 1250 609 1311 auctos
631 1243 904 1330 amplificatosquc
925 1267 1008 1336 esse,
1030 1254 1065 1319 in
1081 1277 1148 1340 qua
1163 1274 1301 1337 senten.

158 1359 205 1424 tia
227 1353 304 1420 mibi
325 1352 450 1420 videtur
472 1367 544 1416 esse
566 1347 661 1414 etiarn
683 1347 827 1433 Longius
849 1367 879 1413 v.
903 1348 933 1415 d.
958 1365 1209 1433 commentarios
1243 1373 1300 1441 bis

157 1458 266 1530 verbis
287 1457 399 1544 lingua
421 1453 594 1522 vernacula
616 1451 770 1518 definiens
779 1451 806 1536 1)
829 1451 909 1534 ,eine
925 1453 1117 1549 Sammlung
1131 1486 1198 1535 von
1215 1472 1298 1542 Pr’ai-

160 1561 395 1646 cedenzfatllen,
418 1559 471 1625 die
492 1555 650 1623 naturlioh
671 1556 783 1621 immer
804 1553 913 1620 weiter
933 1559 1064 1641 gefuhrt
1085 1570 1225 1638 vaurde!

242 1668 374 1734 Praeter
401 1682 457 1731 eos
486 1662 584 1729 libros
613 1679 693 1743 quos
722 1656 817 1724 modo
846 1664 1030 1756 enumeravi
1066 1670 1166 1737 etiam
1205 1680 1296 1750 alios

157 1775 258 1843 fuisse
279 1771 312 1839 in
334 1768 472 1855 collegio
494 1785 649 1852 augurum
671 1761 768 1829 facile
789 1780 828 1826 cx
850 1759 1066 1846 disputatione
1081 1772 1296 1851 Ambroschii

156 1875 349 1967 perspicitur
356 1877 392 1960 2).
423 1873 570 1955 Namque
584 1868 651 1934 veri
670 1866 773 1933 simile
791 1870 839 1929 est
855 1864 936 1933 sieut
947 1874 1125 1941 ceterorum
1137 1881 1295 1972 collegio-

156 2005 225 2051 rum
248 1978 402 2066 imprimis
425 1977 557 2042 fratrum
579 1970 743 2038 Arvalium
774 1967 868 2034 etiam
897 1989 1052 2056 augurum
1081 1978 1183 2050 fuisse
1211 1999 1291 2058 acta

78 2095 81 2100 '
157 2084 316 2172 quaedam
339 2088 372 2149 et
392 2083 496 2147 fastos
519 2075 688 2160 augurales
698 2074 726 2158 ³)
748 2077 780 2138 et
801 2071 956 2154 quasdam
978 2081 1108 2148 tubulas
1130 2086 1175 2152 ad
1199 2093 1291 2163 bona

157 2198 189 2258 et
206 2189 343 2255 ⁴reditus
372 2180 501 2266 collegii
530 2183 711 2264 spectantes
719 2178 757 2258 ⁴).
808 2174 874 2241 Sed
903 2182 1048 2260 quamvis
1077 2188 1179 2255 multa
1217 2196 1293 2265 sine

156 2293 254 2362 dubio
280 2289 348 2356 erui
362 2285 487 2373 possint
502 2279 632 2365 quaein
646 2279 696 2346 his
711 2279 800 2344 libris
815 2277 915 2345 fuisse
929 2302 1061 2352 neccsse
1077 2298 1125 2356 est
1140 2299 1290 2368 attamen

155 2417 197 2465 ne
225 2395 439 2478 fragmentum
465 2406 562 2452 uuum
586 2383 713 2468 quidem
741 2387 892 2459 aetatem<
906 2385 977 2451 tulit
1005 2389 1068 2456 nisi
1097 2393 1180 2462 forte
1211 2407 1288 2471 cuni

159 2498 332 2585 Borghesio
359 2493 447 2582 (Oss.
471 2510 555 2555 uum.
578 2488 647 2555 dec.
670 2487 739 2554 VH.
763 2505 824 2553 oss.
849 2490 883 2572 7)
912 2489 1122 2577 fragmentum
1151 2499 1290 2585 aliquod

155 2605 309 2671 fastorum
332 2600 394 2666 huo
416 2592 544 2662 trahere
565 2594 710 2659 volumus
733 2589 818 2673 quod
839 2591 888 2656 vir
909 2592 1021 2662 doctus
1041 2618 1080 2664 ex
1096 2603 1290 2677 coniectura

155 2706 330 2792 auguribus
352 2696 581 2768 vindicandum
605 2716 676 2762 esse
698 2693 866 2781 censuitl).
903 2695 952 2763 Of.
974 2699 1118 2769 Momms.
1139 2706 1165 2770 Ι.
1190 2708 1227 2775 L.
1244 2715 1286 2781 Α,

153 2832 185 2896 p.
208 2807 271 2872 465
295 2812 327 2872 et
348 2800 560 2869 Mercklinnm
587 2798 652 2883 ,die
682 2797 882 2883 Cooptation‘
911 2821 943 2886 p.
972 2804 1045 2870 217.
1068 2806 1287 2895 -Denique

154 2910 240 2996 quod
262 2909 376 2976 attinet
398 2905 442 2972 ad
464 2904 562 2970 libros
585 2902 769 2988 isagogicos
792 2921 871 2984 quos
893 2906 1059 2991 appellant
1073 2909 1178 2978 minus
1195 2925 1286 2986 recte

154 3014 357 3082 Mercklinus⁴
373 3011 407 3077 in
421 3007 581 3092 Philologi
602 3008 663 3074 vol.
680 3007 733 3073 IV.
757 3024 828 3071 eam
851 3010 1041 3077 sententiam
1060 3013 1139 3079 mihi
1154 3017 1286 3089 videtur

152 3117 323 3206 protulisse
345 3114 443 3182 libros
466 3111 651 3198 isagogicos
673 3109 802 3177 omnino
825 3131 888 3178 non
912 3120 1037 3181 exstare
1059 3117 1146 3223 apud
1175 3140 1284 3190 sacer-

154 3224 254 3289 dotes.
305 3221 454 3302 Namque
486 3216 632 3300 quamvis
662 3215 722 3281 hoc
752 3214 792 3280 de
818 3217 1045 3285 vetustissimis
1079 3226 1281 3307 temporibus

152 3331 237 3392 recte
259 3324 379 3391 dictum
402 3341 475 3388 esse
497 3317 672 3389 concedam
694 3324 834 3386 adaman
858 3341 922 3388 non
945 3321 1040 3389 video
1062 3325 1175 3407 quidni
1197 3329 1282 3397 Mar-

221 3555 246 3620 1)
269 3551 299 3605 L.
318 3551 348 3604 L.
366 3548 400 3603 H.
425 3549 452 3614 Ι,
475 3548 534 3602 292.
559 3546 591 3600 cf.
617 3545 774 3601 Ambroscb.
796 3546 823 3602 ll.
848 3564 873 3617 p.
893 3548 934 3602 12.
958 3548 1018 3602 adn.
1041 3549 1075 3604 52
1099 3555 1127 3605 et
1150 3568 1217 3620 quos
1243 3556 1281 3612 ibi

152 3638 276 3695 laudavit.
295 3669 328 3677 -
346 3637 373 3705 2)
390 3636 423 3690 de
441 3651 506 3690 sacr.
525 3634 601 3688 Rom.
620 3632 695 3689 libris
713 3649 739 3701 p.
757 3633 797 3686 12.
817 3648 888 3704 seqq.
907 3667 939 3676 —
958 3635 984 3703 3)
1000 3634 1083 3690 fastos
1107 3640 1194 3706 quoad
1220 3644 1280 3699 eius

152 3725 210 3779 fieri
227 3730 334 3793 poterat
352 3723 421 3777 cruit
437 3721 563 3777 Bardtius
581 3721 608 3775 iu
626 3719 716 3775 libello
734 3719 892 3776 scholastico
910 3721 956 3789 qui
974 3721 1140 3778 inscribitur:
1159 3727 1277 3791 ,Jahres-

152 3811 256 3867 bericht
274 3812 321 3866 des
338 3807 781 3878 BerlinerWilhelmsgymnasium.
799 3808 966 3862 Berl.1871.‘
985 3839 1017 3847 -
1034 3808 1061 3876 4)
1079 3809 1111 3863 cf.
1129 3811 1203 3866 Fest.
1221 3829 1241 3867 s.
1255 3832 1279 3870 v.

153 3899 270 3953 obscum.
290 3928 322 3937 -
340 3896 367 3965 b)
382 3897 436 3951 alis
451 3895 581 3950 fastorum
598 3895 747 3963 fragmenta
768 3909 835 3963 quae
856 3894 925 3948 idem
943 3894 1107 3963 Borghesids
1129 3900 1279 3966 auguribus

152 3985 310 4040 uindicanda
336 3999 394 4039 esse
419 3983 531 4038 coniecit
554 3983 588 4036 ab
612 3981 751 4036 institutae
774 3981 925 4050 scriptionis
949 3982 1060 4035 consilio
1090 3984 1178 4038 aliena
1207 3993 1279 4044 sunt.

153 4074 184 4130 cf.
202 4072 324 4127 Momms.
343 4076 371 4125 et
389 4069 566 4125 Mercklinnm
584 4069 611 4124 ll.
630 4068 657 4123 ll.
