<?xml version="1.0" encoding="UTF-8"?>
<!DOCTYPE html PUBLIC "-//W3C//DTD XHTML 1.0 Transitional//EN"
    "http://www.w3.org/TR/xhtml1/DTD/xhtml1-transitional.dtd">
<html xmlns="http://www.w3.org/1999/xhtml" xml:lang="en" lang="en">
 <head>
  <title>
</title>
<meta http-equiv="Content-Type" content="text/html;charset=utf-8" />
  <meta name='ocr-system' content='tesseract 3.04.00' />
  <meta name='ocr-capabilities' content='ocr_page ocr_carea ocr_par ocr_line ocrx_word'/>
</head>
<body>
  <div class='ocr_page' id='page_1' title='image "./librorumdedisci00augugoog_0032.png"; bbox 0 0 2880 4710; ppageno 0'>
   <div class='ocr_carea' id='block_1_1' title="bbox 630 216 793 314">
    <p class='ocr_par' dir='ltr' id='par_1_1' title="bbox 630 216 793 314">
     <span class='ocr_line' id='line_1_1' title="bbox 630 216 793 314; baseline 0 -36"><span class='ocrx_word' id='word_1_1' title='bbox 630 216 793 314; x_wconf 35' lang='lat' dir='ltr'>*aa*</span> 
     </span>
    </p>
   </div>
   <div class='ocr_carea' id='block_1_2' title="bbox 115 400 1320 3798">
    <p class='ocr_par' dir='ltr' id='par_1_2' title="bbox 115 400 1320 3798">
     <span class='ocr_line' id='line_1_2' title="bbox 155 400 1275 490; baseline -0.001 -21"><span class='ocrx_word' id='word_1_2' title='bbox 155 403 328 470; x_wconf 79' lang='lat' dir='ltr'>arbitratur</span> <span class='ocrx_word' id='word_1_3' title='bbox 348 402 432 468; x_wconf 90' lang='lat' dir='ltr'>hanc</span> <span class='ocrx_word' id='word_1_4' title='bbox 454 403 730 490; x_wconf 81' lang='lat' dir='ltr'>inaugurationem</span> <span class='ocrx_word' id='word_1_5' title='bbox 752 423 848 488; x_wconf 92' lang='lat' dir='ltr'>quam</span> <span class='ocrx_word' id='word_1_6' title='bbox 864 401 1015 469; x_wconf 78' lang='lat' dir='ltr'>describit</span> <span class='ocrx_word' id='word_1_7' title='bbox 1027 400 1139 468; x_wconf 88' lang='lat' dir='ltr'>Livius</span> <span class='ocrx_word' id='word_1_8' title='bbox 1155 421 1175 468; x_wconf 89' lang='lat' dir='ltr'>a</span> <span class='ocrx_word' id='word_1_9' title='bbox 1190 402 1275 488; x_wconf 87' lang='lat' dir='ltr'>regis</span> 
     </span>
     <span class='ocr_line' id='line_1_3' title="bbox 154 505 1276 593; baseline -0.003 -20"><span class='ocrx_word' id='word_1_10' title='bbox 154 506 325 573; x_wconf 90' lang='lat' dir='ltr'>sacrificuli</span> <span class='ocrx_word' id='word_1_11' title='bbox 347 506 591 593; x_wconf 84' lang='lat' dir='ltr'>inauguratione</span> <span class='ocrx_word' id='word_1_12' title='bbox 611 526 781 592; x_wconf 87' lang='lat' dir='ltr'>perperam</span> <span class='ocrx_word' id='word_1_13' title='bbox 803 505 847 573; x_wconf 91' lang='lat' dir='ltr'>ad</span> <span class='ocrx_word' id='word_1_14' title='bbox 868 524 961 591; x_wconf 88' lang='lat' dir='ltr'>reges</span> <span class='ocrx_word' id='word_1_15' title='bbox 982 505 1071 590; x_wconf 90' lang='lat' dir='ltr'>ipsos</span> <span class='ocrx_word' id='word_1_16' title='bbox 1087 506 1276 571; x_wconf 85' lang='lat' dir='ltr'>translatam</span> 
     </span>
     <span class='ocr_line' id='line_1_4' title="bbox 153 609 1275 696; baseline -0.002 -17"><span class='ocrx_word' id='word_1_17' title='bbox 153 630 235 679; x_wconf 87' lang='lat' dir='ltr'>esse.</span> <span class='ocrx_word' id='word_1_18' title='bbox 277 611 426 676; x_wconf 89' lang='lat' dir='ltr'>Attamen</span> <span class='ocrx_word' id='word_1_19' title='bbox 449 629 523 677; x_wconf 89' lang='lat' dir='ltr'>vero</span> <span class='ocrx_word' id='word_1_20' title='bbox 546 611 707 694; x_wconf 89' lang='lat' dir='ltr'>quaeritur</span> <span class='ocrx_word' id='word_1_21' title='bbox 729 630 811 694; x_wconf 90' lang='lat' dir='ltr'>quae</span> <span class='ocrx_word' id='word_1_22' title='bbox 833 610 944 676; x_wconf 80' lang='lat' dir='ltr'>sitris</span> <span class='ocrx_word' id='word_1_23' title='bbox 966 615 1061 692; x_wconf 89' lang='lat' dir='ltr'>atque</span> <span class='ocrx_word' id='word_1_24' title='bbox 1084 609 1275 696; x_wconf 86' lang='lat' dir='ltr'>significatio</span> 
     </span>
     <span class='ocr_line' id='line_1_5' title="bbox 153 712 1277 801; baseline -0.001 -21"><span class='ocrx_word' id='word_1_25' title='bbox 153 713 416 801; x_wconf 88' lang='lat' dir='ltr'>inaugurationis.</span> <span class='ocrx_word' id='word_1_26' title='bbox 460 714 667 799; x_wconf 90' lang='lat' dir='ltr'>Inauguratio</span> <span class='ocrx_word' id='word_1_27' title='bbox 690 720 797 780; x_wconf 89' lang='lat' dir='ltr'>autem</span> <span class='ocrx_word' id='word_1_28' title='bbox 819 714 939 778; x_wconf 90' lang='lat' dir='ltr'>utiam</span> <span class='ocrx_word' id='word_1_29' title='bbox 970 732 1068 798; x_wconf 89' lang='lat' dir='ltr'>supra</span> <span class='ocrx_word' id='word_1_30' title='bbox 1096 712 1277 798; x_wconf 88' lang='lat' dir='ltr'>significavi</span> 
     </span>
     <span class='ocr_line' id='line_1_6' title="bbox 154 809 1276 901; baseline -0.003 -16"><span class='ocrx_word' id='word_1_31' title='bbox 154 817 344 895; x_wconf 78' lang='lat' dir='ltr'>consultatio</span> <span class='ocrx_word' id='word_1_32' title='bbox 367 816 526 901; x_wconf 88' lang='lat' dir='ltr'>quaedam</span> <span class='ocrx_word' id='word_1_33' title='bbox 550 816 681 884; x_wconf 90' lang='lat' dir='ltr'>deorum</span> <span class='ocrx_word' id='word_1_34' title='bbox 695 823 752 884; x_wconf 82' lang='lat' dir='ltr'>&#39;est</span> <span class='ocrx_word' id='word_1_35' title='bbox 779 823 882 883; x_wconf 91' lang='lat' dir='ltr'>utrum</span> <span class='ocrx_word' id='word_1_36' title='bbox 911 816 1048 899; x_wconf 89' lang='lat' dir='ltr'>aliquem</span> <span class='ocrx_word' id='word_1_37' title='bbox 1066 809 1115 883; x_wconf 65' lang='lat' dir='ltr'>&#39;eo</span> <span class='ocrx_word' id='word_1_38' title='bbox 1145 836 1276 883; x_wconf 89' lang='lat' dir='ltr'>munere</span> 
     </span>
     <span class='ocr_line' id='line_1_7' title="bbox 153 919 1320 1008; baseline -0.002 -21"><span class='ocrx_word' id='word_1_39' title='bbox 153 921 246 1008; x_wconf 85' lang='lat' dir='ltr'>iungi</span> <span class='ocrx_word' id='word_1_40' title='bbox 278 920 377 988; x_wconf 87' lang='lat' dir='ltr'>velint</span> <span class='ocrx_word' id='word_1_41' title='bbox 406 919 448 986; x_wconf 90' lang='lat' dir='ltr'>ad</span> <span class='ocrx_word' id='word_1_42' title='bbox 478 919 564 1004; x_wconf 92' lang='lat' dir='ltr'>quod</span> <span class='ocrx_word' id='word_1_43' title='bbox 592 919 789 1008; x_wconf 86' lang='lat' dir='ltr'>fungendum</span> <span class='ocrx_word' id='word_1_44' title='bbox 817 921 955 1008; x_wconf 90' lang='lat' dir='ltr'>populus</span> <span class='ocrx_word' id='word_1_45' title='bbox 986 938 1057 986; x_wconf 90' lang='lat' dir='ltr'>eum</span> <span class='ocrx_word' id='word_1_46' title='bbox 1094 919 1275 987; x_wconf 88' lang='lat' dir='ltr'>destinavit.</span> <span class='ocrx_word' id='word_1_47' title='bbox 1318 941 1320 945; x_wconf 44' lang='lat'><strong>¹</strong></span> 
     </span>
     <span class='ocr_line' id='line_1_8' title="bbox 153 1022 1276 1108; baseline -0.002 -18"><span class='ocrx_word' id='word_1_48' title='bbox 153 1025 233 1091; x_wconf 90' lang='lat' dir='ltr'>Deis</span> <span class='ocrx_word' id='word_1_49' title='bbox 255 1029 361 1089; x_wconf 91' lang='lat' dir='ltr'>autem</span> <span class='ocrx_word' id='word_1_50' title='bbox 390 1022 570 1090; x_wconf 89' lang='lat' dir='ltr'>nolentibus</span> <span class='ocrx_word' id='word_1_51' title='bbox 599 1024 728 1090; x_wconf 88' lang='lat' dir='ltr'>dubium</span> <span class='ocrx_word' id='word_1_52' title='bbox 759 1043 831 1091; x_wconf 91' lang='lat' dir='ltr'>esse</span> <span class='ocrx_word' id='word_1_53' title='bbox 860 1045 925 1090; x_wconf 94' lang='lat' dir='ltr'>non</span> <span class='ocrx_word' id='word_1_54' title='bbox 954 1029 1061 1108; x_wconf 90' lang='lat' dir='ltr'>potest</span> <span class='ocrx_word' id='word_1_55' title='bbox 1088 1024 1165 1106; x_wconf 92' lang='lat' dir='ltr'>quin</span> <span class='ocrx_word' id='word_1_56' title='bbox 1194 1044 1276 1092; x_wconf 93' lang='lat' dir='ltr'>com·</span> 
     </span>
     <span class='ocr_line' id='line_1_9' title="bbox 154 1125 1275 1214; baseline -0.001 -21"><span class='ocrx_word' id='word_1_57' title='bbox 154 1128 274 1213; x_wconf 90' lang='lat' dir='ltr'>pluries</span> <span class='ocrx_word' id='word_1_58' title='bbox 296 1146 368 1193; x_wconf 91' lang='lat' dir='ltr'>eam</span> <span class='ocrx_word' id='word_1_59' title='bbox 388 1127 665 1214; x_wconf 83' lang='lat' dir='ltr'>inaugurationem</span> <span class='ocrx_word' id='word_1_60' title='bbox 687 1128 788 1214; x_wconf 91' lang='lat' dir='ltr'>repeti</span> <span class='ocrx_word' id='word_1_61' title='bbox 809 1129 941 1203; x_wconf 85' lang='lat' dir='ltr'>vetitum</span> <span class='ocrx_word' id='word_1_62' title='bbox 963 1128 1066 1194; x_wconf 89' lang='lat' dir='ltr'>fuerit.</span> <span class='ocrx_word' id='word_1_63' title='bbox 1110 1126 1153 1190; x_wconf 83' lang='lat' dir='ltr'>At</span> <span class='ocrx_word' id='word_1_64' title='bbox 1179 1125 1275 1211; x_wconf 89' lang='lat' dir='ltr'>longe</span> 
     </span>
     <span class='ocr_line' id='line_1_10' title="bbox 155 1229 1277 1316; baseline -0.004 -17"><span class='ocrx_word' id='word_1_65' title='bbox 155 1231 352 1299; x_wconf 82' lang='lat' dir='ltr'>abacorum</span> <span class='ocrx_word' id='word_1_66' title='bbox 379 1230 591 1316; x_wconf 77' lang='lat' dir='ltr'>auspiciorum</span> <span class='ocrx_word' id='word_1_67' title='bbox 620 1231 766 1298; x_wconf 89' lang='lat' dir='ltr'>condicio</span> <span class='ocrx_word' id='word_1_68' title='bbox 796 1237 845 1298; x_wconf 91' lang='lat' dir='ltr'>est</span> <span class='ocrx_word' id='word_1_69' title='bbox 874 1251 957 1315; x_wconf 89' lang='lat' dir='ltr'>quae</span> <span class='ocrx_word' id='word_1_70' title='bbox 986 1252 1007 1296; x_wconf 95' lang='lat' dir='ltr'>a</span> <span class='ocrx_word' id='word_1_71' title='bbox 1037 1229 1277 1314; x_wconf 89' lang='lat' dir='ltr'>magistratibus</span> 
     </span>
     <span class='ocr_line' id='line_1_11' title="bbox 156 1331 1279 1421; baseline -0.001 -22"><span class='ocrx_word' id='word_1_72' title='bbox 156 1334 293 1401; x_wconf 92' lang='lat' dir='ltr'>honores</span> <span class='ocrx_word' id='word_1_73' title='bbox 316 1333 653 1421; x_wconf 83' lang='lat' dir='ltr'>adeuntibuscaptari</span> <span class='ocrx_word' id='word_1_74' title='bbox 675 1335 830 1402; x_wconf 90' lang='lat' dir='ltr'>solebant.</span> <span class='ocrx_word' id='word_1_75' title='bbox 875 1334 1000 1402; x_wconf 85' lang='lat' dir='ltr'>Etenim</span> <span class='ocrx_word' id='word_1_76' title='bbox 1022 1353 1062 1400; x_wconf 90' lang='lat' dir='ltr'>ea</span> <span class='ocrx_word' id='word_1_77' title='bbox 1084 1331 1229 1418; x_wconf 90' lang='lat' dir='ltr'>auspicia</span> <span class='ocrx_word' id='word_1_78' title='bbox 1251 1333 1279 1399; x_wconf 90' lang='lat' dir='ltr'>si</span> 
     </span>
     <span class='ocr_line' id='line_1_12' title="bbox 155 1435 1277 1525; baseline -0.002 -20"><span class='ocrx_word' id='word_1_79' title='bbox 155 1438 237 1505; x_wconf 86' lang='lat' dir='ltr'>forte</span> <span class='ocrx_word' id='word_1_80' title='bbox 263 1436 406 1503; x_wconf 86' lang='lat' dir='ltr'>infausta</span> <span class='ocrx_word' id='word_1_81' title='bbox 434 1439 615 1506; x_wconf 81' lang='lat' dir='ltr'>evadebant</span> <span class='ocrx_word' id='word_1_82' title='bbox 644 1437 833 1524; x_wconf 90' lang='lat' dir='ltr'>compluries</span> <span class='ocrx_word' id='word_1_83' title='bbox 862 1438 963 1523; x_wconf 89' lang='lat' dir='ltr'>repeti</span> <span class='ocrx_word' id='word_1_84' title='bbox 991 1442 1138 1525; x_wconf 88' lang='lat' dir='ltr'>poterant</span> <span class='ocrx_word' id='word_1_85' title='bbox 1175 1435 1277 1503; x_wconf 91' lang='lat' dir='ltr'>donec</span> 
     </span>
     <span class='ocr_line' id='line_1_13' title="bbox 154 1539 1279 1625; baseline -0.002 -19"><span class='ocrx_word' id='word_1_86' title='bbox 154 1540 263 1608; x_wconf 87' lang='lat' dir='ltr'>fausta</span> <span class='ocrx_word' id='word_1_87' title='bbox 285 1539 466 1607; x_wconf 83' lang='lat' dir='ltr'>evaderent.</span> <span class='ocrx_word' id='word_1_88' title='bbox 503 1542 651 1625; x_wconf 90' lang='lat' dir='ltr'>Namque</span> <span class='ocrx_word' id='word_1_89' title='bbox 673 1540 759 1624; x_wconf 91' lang='lat' dir='ltr'>quod</span> <span class='ocrx_word' id='word_1_90' title='bbox 782 1540 944 1607; x_wconf 85' lang='lat' dir='ltr'>contendit</span> <span class='ocrx_word' id='word_1_91' title='bbox 965 1542 1181 1608; x_wconf 90' lang='lat' dir='ltr'>Mommsenus</span> <span class='ocrx_word' id='word_1_92' title='bbox 1211 1539 1279 1625; x_wconf 91' lang='lat' dir='ltr'>,die</span> 
     </span>
     <span class='ocr_line' id='line_1_14' title="bbox 154 1643 1278 1730; baseline -0.001 -21"><span class='ocrx_word' id='word_1_93' title='bbox 154 1643 384 1728; x_wconf 88' lang='lat' dir='ltr'>Inauguration</span> <span class='ocrx_word' id='word_1_94' title='bbox 414 1643 471 1711; x_wconf 91' lang='lat' dir='ltr'>des</span> <span class='ocrx_word' id='word_1_95' title='bbox 497 1643 715 1730; x_wconf 78' lang='lat' dir='ltr'>Opferkbnigs</span> <span class='ocrx_word' id='word_1_96' title='bbox 743 1645 785 1711; x_wconf 91' lang='lat' dir='ltr'>ist</span> <span class='ocrx_word' id='word_1_97' title='bbox 811 1643 1098 1730; x_wconf 87' lang='lat' dir='ltr'>hervorgegangen</span> <span class='ocrx_word' id='word_1_98' title='bbox 1126 1663 1185 1710; x_wconf 91' lang='lat' dir='ltr'>aus</span> <span class='ocrx_word' id='word_1_99' title='bbox 1221 1643 1278 1709; x_wconf 93' lang='lat' dir='ltr'>der</span> 
     </span>
     <span class='ocr_line' id='line_1_15' title="bbox 155 1745 1278 1834; baseline -0.001 -22"><span class='ocrx_word' id='word_1_100' title='bbox 155 1745 421 1833; x_wconf 80' lang='lat' dir='ltr'>urspringlicben</span> <span class='ocrx_word' id='word_1_101' title='bbox 450 1755 555 1814; x_wconf 88' lang='lat' dir='ltr'>ersten</span> <span class='ocrx_word' id='word_1_102' title='bbox 583 1747 793 1834; x_wconf 89' lang='lat' dir='ltr'>Auspication</span> <span class='ocrx_word' id='word_1_103' title='bbox 827 1746 884 1814; x_wconf 87' lang='lat' dir='ltr'>des</span> <span class='ocrx_word' id='word_1_104' title='bbox 911 1747 1037 1833; x_wconf 81' lang='lat' dir='ltr'>Kbnigs</span> <span class='ocrx_word' id='word_1_105' title='bbox 1072 1745 1138 1812; x_wconf 90' lang='lat' dir='ltr'>und</span> <span class='ocrx_word' id='word_1_106' title='bbox 1173 1746 1278 1812; x_wconf 90' lang='lat' dir='ltr'>neben</span> 
     </span>
     <span class='ocr_line' id='line_1_16' title="bbox 157 1849 1278 1934; baseline -0.002 -19"><span class='ocrx_word' id='word_1_107' title='bbox 157 1850 264 1918; x_wconf 87' lang='lat' dir='ltr'>dieser</span> <span class='ocrx_word' id='word_1_108' title='bbox 285 1850 409 1917; x_wconf 85' lang='lat' dir='ltr'>formell</span> <span class='ocrx_word' id='word_1_109' title='bbox 431 1850 493 1917; x_wconf 88' lang='lat' dir='ltr'>wie</span> <span class='ocrx_word' id='word_1_110' title='bbox 515 1852 672 1918; x_wconf 89' lang='lat' dir='ltr'>materiell</span> <span class='ocrx_word' id='word_1_111' title='bbox 693 1851 745 1917; x_wconf 76' lang='lat' dir='ltr'>fiir</span> <span class='ocrx_word' id='word_1_112' title='bbox 774 1851 867 1917; x_wconf 94' lang='lat' dir='ltr'>einen</span> <span class='ocrx_word' id='word_1_113' title='bbox 895 1849 1075 1919; x_wconf 88' lang='lat' dir='ltr'>besondem</span> <span class='ocrx_word' id='word_1_114' title='bbox 1102 1849 1278 1934; x_wconf 88' lang='lat' dir='ltr'>Inaugura-</span> 
     </span>
     <span class='ocr_line' id='line_1_17' title="bbox 153 1953 1278 2041; baseline -0.003 -21"><span class='ocrx_word' id='word_1_115' title='bbox 153 1954 293 2021; x_wconf 85' lang='lat' dir='ltr'>tionsact</span> <span class='ocrx_word' id='word_1_116' title='bbox 331 1953 407 2020; x_wconf 87' lang='lat' dir='ltr'>kein</span> <span class='ocrx_word' id='word_1_117' title='bbox 434 1955 547 2020; x_wconf 85' lang='lat' dir='ltr'>Raum‘</span> <span class='ocrx_word' id='word_1_118' title='bbox 582 1975 645 2020; x_wconf 92' lang='lat' dir='ltr'>non</span> <span class='ocrx_word' id='word_1_119' title='bbox 680 1955 839 2040; x_wconf 88' lang='lat' dir='ltr'>reputavit</span> <span class='ocrx_word' id='word_1_120' title='bbox 868 1955 953 2041; x_wconf 88' lang='lat' dir='ltr'>regis</span> <span class='ocrx_word' id='word_1_121' title='bbox 984 1953 1178 2021; x_wconf 87' lang='lat' dir='ltr'>creationem</span> <span class='ocrx_word' id='word_1_122' title='bbox 1211 1958 1278 2017; x_wconf 93' lang='lat' dir='ltr'>tum</span> 
     </span>
     <span class='ocr_line' id='line_1_18' title="bbox 155 2056 1279 2144; baseline 0 -22"><span class='ocrx_word' id='word_1_123' title='bbox 155 2057 282 2124; x_wconf 91' lang='lat' dir='ltr'>demum</span> <span class='ocrx_word' id='word_1_124' title='bbox 305 2057 480 2142; x_wconf 85' lang='lat' dir='ltr'>perfectam</span> <span class='ocrx_word' id='word_1_125' title='bbox 502 2076 573 2124; x_wconf 89' lang='lat' dir='ltr'>esse</span> <span class='ocrx_word' id='word_1_126' title='bbox 596 2077 667 2124; x_wconf 91' lang='lat' dir='ltr'>cum</span> <span class='ocrx_word' id='word_1_127' title='bbox 690 2063 764 2143; x_wconf 91' lang='lat' dir='ltr'>post</span> <span class='ocrx_word' id='word_1_128' title='bbox 790 2058 1069 2144; x_wconf 86' lang='lat' dir='ltr'>inaugurationem</span> <span class='ocrx_word' id='word_1_129' title='bbox 1096 2056 1279 2124; x_wconf 89' lang='lat' dir='ltr'>declaratus</span> 
     </span>
     <span class='ocr_line' id='line_1_19' title="bbox 155 2160 1279 2248; baseline -0.002 -22"><span class='ocrx_word' id='word_1_130' title='bbox 155 2161 197 2228; x_wconf 91' lang='lat' dir='ltr'>de</span> <span class='ocrx_word' id='word_1_131' title='bbox 219 2163 336 2246; x_wconf 92' lang='lat' dir='ltr'>templo</span> <span class='ocrx_word' id='word_1_132' title='bbox 360 2161 525 2228; x_wconf 89' lang='lat' dir='ltr'>deseendit</span> <span class='ocrx_word' id='word_1_133' title='bbox 546 2168 580 2227; x_wconf 92' lang='lat' dir='ltr'>ut</span> <span class='ocrx_word' id='word_1_134' title='bbox 601 2161 667 2227; x_wconf 86' lang='lat' dir='ltr'>iam</span> <span class='ocrx_word' id='word_1_135' title='bbox 689 2180 788 2246; x_wconf 90' lang='lat' dir='ltr'>supra</span> <span class='ocrx_word' id='word_1_136' title='bbox 810 2161 998 2248; x_wconf 86' lang='lat' dir='ltr'>significavi.</span> <span class='ocrx_word' id='word_1_137' title='bbox 1042 2162 1080 2226; x_wconf 96' lang='lat' dir='ltr'>In</span> <span class='ocrx_word' id='word_1_138' title='bbox 1109 2160 1279 2246; x_wconf 88' lang='lat' dir='ltr'>inaugura-</span> 
     </span>
     <span class='ocr_line' id='line_1_20' title="bbox 115 2261 1280 2351; baseline -0.002 -21"><span class='ocrx_word' id='word_1_139' title='bbox 115 2336 117 2338; x_wconf 56' lang='grc'>,</span> <span class='ocrx_word' id='word_1_140' title='bbox 155 2264 242 2331; x_wconf 91' lang='lat' dir='ltr'>tione</span> <span class='ocrx_word' id='word_1_141' title='bbox 263 2265 361 2350; x_wconf 90' lang='lat' dir='ltr'>igitur</span> <span class='ocrx_word' id='word_1_142' title='bbox 382 2285 446 2330; x_wconf 94' lang='lat' dir='ltr'>non</span> <span class='ocrx_word' id='word_1_143' title='bbox 468 2283 525 2331; x_wconf 85' lang='lat' dir='ltr'>rex</span> <span class='ocrx_word' id='word_1_144' title='bbox 546 2266 786 2351; x_wconf 88' lang='lat' dir='ltr'>inaugurandus</span> <span class='ocrx_word' id='word_1_145' title='bbox 809 2263 867 2331; x_wconf 90' lang='lat' dir='ltr'>sed</span> <span class='ocrx_word' id='word_1_146' title='bbox 888 2266 995 2350; x_wconf 90' lang='lat' dir='ltr'>potius</span> <span class='ocrx_word' id='word_1_147' title='bbox 1016 2265 1155 2330; x_wconf 85' lang='lat' dir='ltr'>interrex</span> <span class='ocrx_word' id='word_1_148' title='bbox 1175 2261 1280 2348; x_wconf 92' lang='lat' dir='ltr'>auspi-</span> 
     </span>
     <span class='ocr_line' id='line_1_21' title="bbox 155 2366 1278 2454; baseline -0.001 -21"><span class='ocrx_word' id='word_1_149' title='bbox 155 2367 215 2433; x_wconf 89' lang='lat' dir='ltr'>ciis</span> <span class='ocrx_word' id='word_1_150' title='bbox 237 2366 369 2435; x_wconf 90' lang='lat' dir='ltr'>deorum</span> <span class='ocrx_word' id='word_1_151' title='bbox 390 2368 585 2436; x_wconf 85' lang='lat' dir='ltr'>voluntatem</span> <span class='ocrx_word' id='word_1_152' title='bbox 607 2369 761 2453; x_wconf 81' lang='lat' dir='ltr'>explorat.</span> <span class='ocrx_word' id='word_1_153' title='bbox 805 2369 847 2432; x_wconf 89' lang='lat' dir='ltr'>At</span> <span class='ocrx_word' id='word_1_154' title='bbox 868 2372 1040 2454; x_wconf 89' lang='lat' dir='ltr'>postquam</span> <span class='ocrx_word' id='word_1_155' title='bbox 1068 2387 1125 2433; x_wconf 85' lang='lat' dir='ltr'>rex</span> <span class='ocrx_word' id='word_1_156' title='bbox 1152 2372 1278 2433; x_wconf 89' lang='lat' dir='ltr'>creatus</span> 
     </span>
     <span class='ocr_line' id='line_1_22' title="bbox 155 2463 1282 2559; baseline 0 -23"><span class='ocrx_word' id='word_1_157' title='bbox 155 2477 205 2537; x_wconf 89' lang='lat' dir='ltr'>est</span> <span class='ocrx_word' id='word_1_158' title='bbox 233 2472 304 2556; x_wconf 89' lang='lat' dir='ltr'>ipse</span> <span class='ocrx_word' id='word_1_159' title='bbox 332 2471 414 2540; x_wconf 90' lang='lat' dir='ltr'>sicut</span> <span class='ocrx_word' id='word_1_160' title='bbox 441 2473 648 2559; x_wconf 84' lang='lat' dir='ltr'>magistratus</span> <span class='ocrx_word' id='word_1_161' title='bbox 677 2471 831 2538; x_wconf 88' lang='lat' dir='ltr'>adeuntes</span> <span class='ocrx_word' id='word_1_162' title='bbox 868 2471 1020 2556; x_wconf 87' lang='lat' dir='ltr'>auspiciis</span> <span class='ocrx_word' id='word_1_163' title='bbox 1057 2489 1187 2557; x_wconf 88' lang='lat' dir='ltr'>operam</span> <span class='ocrx_word' id='word_1_164' title='bbox 1223 2463 1282 2536; x_wconf 71' lang='lat' dir='ltr'>dat⁴</span> 
     </span>
     <span class='ocr_line' id='line_1_23' title="bbox 155 2573 1280 2660; baseline -0.002 -20"><span class='ocrx_word' id='word_1_165' title='bbox 155 2595 194 2642; x_wconf 93' lang='lat' dir='ltr'>eo</span> <span class='ocrx_word' id='word_1_166' title='bbox 231 2574 345 2642; x_wconf 90' lang='lat' dir='ltr'>scililet</span> <span class='ocrx_word' id='word_1_167' title='bbox 379 2576 513 2642; x_wconf 91' lang='lat' dir='ltr'>consilio</span> <span class='ocrx_word' id='word_1_168' title='bbox 550 2581 584 2641; x_wconf 92' lang='lat' dir='ltr'>ut</span> <span class='ocrx_word' id='word_1_169' title='bbox 618 2574 653 2641; x_wconf 91' lang='lat' dir='ltr'>id</span> <span class='ocrx_word' id='word_1_170' title='bbox 689 2573 775 2658; x_wconf 91' lang='lat' dir='ltr'>quod</span> <span class='ocrx_word' id='word_1_171' title='bbox 810 2573 947 2660; x_wconf 91' lang='lat' dir='ltr'>primum</span> <span class='ocrx_word' id='word_1_172' title='bbox 984 2578 1187 2659; x_wconf 87' lang='lat' dir='ltr'>suscepturus</span> <span class='ocrx_word' id='word_1_173' title='bbox 1231 2579 1280 2640; x_wconf 91' lang='lat' dir='ltr'>est</span> 
     </span>
     <span class='ocr_line' id='line_1_24' title="bbox 154 2676 1279 2764; baseline -0.002 -21"><span class='ocrx_word' id='word_1_174' title='bbox 154 2684 260 2744; x_wconf 91' lang='lat' dir='ltr'>utrum</span> <span class='ocrx_word' id='word_1_175' title='bbox 287 2677 357 2744; x_wconf 87' lang='lat' dir='ltr'>deis</span> <span class='ocrx_word' id='word_1_176' title='bbox 386 2679 515 2764; x_wconf 90' lang='lat' dir='ltr'>placeat</span> <span class='ocrx_word' id='word_1_177' title='bbox 543 2697 644 2745; x_wconf 88' lang='lat' dir='ltr'>necne</span> <span class='ocrx_word' id='word_1_178' title='bbox 673 2678 852 2763; x_wconf 87' lang='lat' dir='ltr'>investiget.</span> <span class='ocrx_word' id='word_1_179' title='bbox 905 2678 989 2764; x_wconf 79' lang='lat' dir='ltr'>Ergo</span> <span class='ocrx_word' id='word_1_180' title='bbox 1020 2677 1138 2764; x_wconf 87' lang='lat' dir='ltr'>optime</span> <span class='ocrx_word' id='word_1_181' title='bbox 1165 2697 1205 2744; x_wconf 84' lang='lat' dir='ltr'>ex</span> <span class='ocrx_word' id='word_1_182' title='bbox 1233 2676 1279 2742; x_wconf 88' lang='lat' dir='ltr'>rei</span> 
     </span>
     <span class='ocr_line' id='line_1_25' title="bbox 154 2779 1279 2867; baseline -0.002 -21"><span class='ocrx_word' id='word_1_183' title='bbox 154 2781 305 2866; x_wconf 88' lang='lat' dir='ltr'>publicae</span> <span class='ocrx_word' id='word_1_184' title='bbox 340 2783 505 2848; x_wconf 90' lang='lat' dir='ltr'>Romanae</span> <span class='ocrx_word' id='word_1_185' title='bbox 540 2783 692 2849; x_wconf 92' lang='lat' dir='ltr'>institutis</span> <span class='ocrx_word' id='word_1_186' title='bbox 730 2781 815 2866; x_wconf 87' lang='lat' dir='ltr'>regis</span> <span class='ocrx_word' id='word_1_187' title='bbox 859 2780 1135 2866; x_wconf 84' lang='lat' dir='ltr'>inaugurationem</span> <span class='ocrx_word' id='word_1_188' title='bbox 1180 2779 1279 2867; x_wconf 83' lang='lat' dir='ltr'>expli-</span> 
     </span>
     <span class='ocr_line' id='line_1_26' title="bbox 154 2883 1278 2972; baseline 0.001 -22"><span class='ocrx_word' id='word_1_189' title='bbox 154 2884 222 2950; x_wconf 89' lang='lat' dir='ltr'>cari</span> <span class='ocrx_word' id='word_1_190' title='bbox 258 2904 355 2970; x_wconf 90' lang='lat' dir='ltr'>posse</span> <span class='ocrx_word' id='word_1_191' title='bbox 390 2885 424 2951; x_wconf 94' lang='lat' dir='ltr'>in</span> <span class='ocrx_word' id='word_1_192' title='bbox 459 2887 628 2972; x_wconf 90' lang='lat' dir='ltr'>propatulo</span> <span class='ocrx_word' id='word_1_193' title='bbox 665 2891 713 2952; x_wconf 91' lang='lat' dir='ltr'>est</span> <span class='ocrx_word' id='word_1_194' title='bbox 747 2883 812 2950; x_wconf 89' lang='lat' dir='ltr'>nisi</span> <span class='ocrx_word' id='word_1_195' title='bbox 846 2883 928 2951; x_wconf 87' lang='lat' dir='ltr'>forte</span> <span class='ocrx_word' id='word_1_196' title='bbox 972 2904 1043 2951; x_wconf 88' lang='lat' dir='ltr'>cum</span> <span class='ocrx_word' id='word_1_197' title='bbox 1080 2885 1278 2952; x_wconf 90' lang='lat' dir='ltr'>Mommseno</span> 
     </span>
     <span class='ocr_line' id='line_1_27' title="bbox 156 2988 1280 3074; baseline 0.003 -22"><span class='ocrx_word' id='word_1_198' title='bbox 156 2988 265 3053; x_wconf 91' lang='lat' dir='ltr'>omnia</span> <span class='ocrx_word' id='word_1_199' title='bbox 300 2989 410 3073; x_wconf 89' lang='lat' dir='ltr'>regiae</span> <span class='ocrx_word' id='word_1_200' title='bbox 445 2989 612 3074; x_wconf 89' lang='lat' dir='ltr'>potestatis</span> <span class='ocrx_word' id='word_1_201' title='bbox 650 2988 757 3055; x_wconf 83' lang='lat' dir='ltr'>officia</span> <span class='ocrx_word' id='word_1_202' title='bbox 794 3008 834 3054; x_wconf 85' lang='lat' dir='ltr'>ex</span> <span class='ocrx_word' id='word_1_203' title='bbox 873 2988 1114 3074; x_wconf 87' lang='lat' dir='ltr'>magistratuum</span> <span class='ocrx_word' id='word_1_204' title='bbox 1159 2988 1280 3055; x_wconf 87' lang='lat' dir='ltr'>liberae</span> 
     </span>
     <span class='ocr_line' id='line_1_28' title="bbox 154 3089 1279 3178; baseline 0.003 -22"><span class='ocrx_word' id='word_1_205' title='bbox 154 3089 351 3174; x_wconf 89' lang='lat' dir='ltr'>reipublicae</span> <span class='ocrx_word' id='word_1_206' title='bbox 386 3092 537 3158; x_wconf 90' lang='lat' dir='ltr'>institutis</span> <span class='ocrx_word' id='word_1_207' title='bbox 574 3098 757 3178; x_wconf 88' lang='lat' dir='ltr'>computare</span> <span class='ocrx_word' id='word_1_208' title='bbox 793 3090 994 3157; x_wconf 89' lang='lat' dir='ltr'>voluerimus.</span> <span class='ocrx_word' id='word_1_209' title='bbox 1032 3130 1073 3140; x_wconf 91' lang='lat'>--</span> <span class='ocrx_word' id='word_1_210' title='bbox 1109 3092 1174 3159; x_wconf 84' lang='lat' dir='ltr'>Sed</span> <span class='ocrx_word' id='word_1_211' title='bbox 1216 3092 1279 3159; x_wconf 91' lang='lat' dir='ltr'>bac</span> 
     </span>
     <span class='ocr_line' id='line_1_29' title="bbox 155 3192 1280 3281; baseline 0.002 -22"><span class='ocrx_word' id='word_1_212' title='bbox 155 3192 373 3279; x_wconf 89' lang='lat' dir='ltr'>disputatione</span> <span class='ocrx_word' id='word_1_213' title='bbox 400 3193 544 3261; x_wconf 89' lang='lat' dir='ltr'>adducor</span> <span class='ocrx_word' id='word_1_214' title='bbox 575 3202 607 3262; x_wconf 91' lang='lat' dir='ltr'>ut</span> <span class='ocrx_word' id='word_1_215' title='bbox 635 3195 775 3281; x_wconf 90' lang='lat' dir='ltr'>paucula</span> <span class='ocrx_word' id='word_1_216' title='bbox 808 3193 967 3277; x_wconf 86' lang='lat' dir='ltr'>quaedam</span> <span class='ocrx_word' id='word_1_217' title='bbox 1002 3194 1042 3261; x_wconf 91' lang='lat' dir='ltr'>de</span> <span class='ocrx_word' id='word_1_218' title='bbox 1077 3195 1280 3262; x_wconf 87' lang='lat' dir='ltr'>sacerdotum</span> 
     </span>
     <span class='ocr_line' id='line_1_30' title="bbox 154 3296 1280 3384; baseline 0.001 -22"><span class='ocrx_word' id='word_1_219' title='bbox 154 3296 402 3380; x_wconf 87' lang='lat' dir='ltr'>inauguratione</span> <span class='ocrx_word' id='word_1_220' title='bbox 432 3297 560 3364; x_wconf 91' lang='lat' dir='ltr'>addam.</span> <span class='ocrx_word' id='word_1_221' title='bbox 619 3300 666 3365; x_wconf 87' lang='lat' dir='ltr'>Ac</span> <span class='ocrx_word' id='word_1_222' title='bbox 696 3299 883 3366; x_wconf 88' lang='lat' dir='ltr'>nominatim</span> <span class='ocrx_word' id='word_1_223' title='bbox 917 3297 1043 3380; x_wconf 90' lang='lat' dir='ltr'>quidem</span> <span class='ocrx_word' id='word_1_224' title='bbox 1077 3298 1280 3384; x_wconf 88' lang='lat' dir='ltr'>appellantur</span> 
     </span>
     <span class='ocr_line' id='line_1_31' title="bbox 156 3399 1280 3488; baseline 0.003 -23"><span class='ocrx_word' id='word_1_225' title='bbox 156 3420 213 3467; x_wconf 85' lang='lat' dir='ltr'>rex</span> <span class='ocrx_word' id='word_1_226' title='bbox 235 3418 397 3467; x_wconf 88' lang='lat' dir='ltr'>sacrorum</span> <span class='ocrx_word' id='word_1_227' title='bbox 419 3401 565 3468; x_wconf 88' lang='lat' dir='ltr'>flamines</span> <span class='ocrx_word' id='word_1_228' title='bbox 586 3401 753 3487; x_wconf 86' lang='lat' dir='ltr'>pontifices</span> <span class='ocrx_word' id='word_1_229' title='bbox 776 3421 914 3488; x_wconf 88' lang='lat' dir='ltr'>augures</span> <span class='ocrx_word' id='word_1_230' title='bbox 937 3399 1017 3466; x_wconf 84' lang='lat' dir='ltr'>Sabi</span> <span class='ocrx_word' id='word_1_231' title='bbox 1039 3421 1119 3484; x_wconf 91' lang='lat' dir='ltr'>quos</span> <span class='ocrx_word' id='word_1_232' title='bbox 1148 3401 1280 3487; x_wconf 89' lang='lat' dir='ltr'>inaugu-</span> 
     </span>
     <span class='ocr_line' id='line_1_32' title="bbox 156 3503 1278 3590; baseline 0.003 -21"><span class='ocrx_word' id='word_1_233' title='bbox 156 3509 244 3570; x_wconf 87' lang='lat' dir='ltr'>ratos</span> <span class='ocrx_word' id='word_1_234' title='bbox 272 3522 344 3570; x_wconf 90' lang='lat' dir='ltr'>esse</span> <span class='ocrx_word' id='word_1_235' title='bbox 374 3511 507 3570; x_wconf 88' lang='lat' dir='ltr'>constat.</span> <span class='ocrx_word' id='word_1_236' title='bbox 556 3506 628 3572; x_wconf 90' lang='lat' dir='ltr'>Huc</span> <span class='ocrx_word' id='word_1_237' title='bbox 658 3504 815 3572; x_wconf 89' lang='lat' dir='ltr'>accedunt</span> <span class='ocrx_word' id='word_1_238' title='bbox 851 3503 992 3590; x_wconf 90' lang='lat' dir='ltr'>virgines</span> <span class='ocrx_word' id='word_1_239' title='bbox 1018 3504 1165 3571; x_wconf 89' lang='lat' dir='ltr'>Vestales</span> <span class='ocrx_word' id='word_1_240' title='bbox 1198 3525 1278 3588; x_wconf 90' lang='lat' dir='ltr'>quas</span> 
     </span>
     <span class='ocr_line' id='line_1_33' title="bbox 157 3607 1279 3696; baseline 0.002 -23"><span class='ocrx_word' id='word_1_241' title='bbox 157 3626 229 3674; x_wconf 90' lang='lat' dir='ltr'>cum</span> <span class='ocrx_word' id='word_1_242' title='bbox 260 3609 451 3692; x_wconf 87' lang='lat' dir='ltr'>exaugurari</span> <span class='ocrx_word' id='word_1_243' title='bbox 479 3609 623 3694; x_wconf 89' lang='lat' dir='ltr'>potuisse</span> <span class='ocrx_word' id='word_1_244' title='bbox 653 3615 775 3676; x_wconf 88' lang='lat' dir='ltr'>constet</span> <span class='ocrx_word' id='word_1_245' title='bbox 783 3607 810 3696; x_wconf 83' lang='lat'>1)</span> <span class='ocrx_word' id='word_1_246' title='bbox 837 3609 934 3675; x_wconf 91' lang='lat' dir='ltr'>etiam</span> <span class='ocrx_word' id='word_1_247' title='bbox 962 3608 1172 3695; x_wconf 81' lang='lat' dir='ltr'>inauguratae</span> <span class='ocrx_word' id='word_1_248' title='bbox 1207 3628 1279 3675; x_wconf 90' lang='lat' dir='ltr'>esse</span> 
     </span>
     <span class='ocr_line' id='line_1_34' title="bbox 156 3710 1277 3798; baseline 0 -22"><span class='ocrx_word' id='word_1_249' title='bbox 156 3717 245 3777; x_wconf 89' lang='lat' dir='ltr'>recte</span> <span class='ocrx_word' id='word_1_250' title='bbox 274 3710 569 3798; x_wconf 71' lang='lat' dir='ltr'>coniectabimus2).</span> <span class='ocrx_word' id='word_1_251' title='bbox 625 3713 772 3795; x_wconf 90' lang='lat' dir='ltr'>Namque</span> <span class='ocrx_word' id='word_1_252' title='bbox 801 3711 888 3795; x_wconf 91' lang='lat' dir='ltr'>quod</span> <span class='ocrx_word' id='word_1_253' title='bbox 917 3712 1133 3778; x_wconf 90' lang='lat' dir='ltr'>Mommsenus</span> <span class='ocrx_word' id='word_1_254' title='bbox 1163 3712 1214 3792; x_wconf 89' lang='lat' dir='ltr'>(R.</span> <span class='ocrx_word' id='word_1_255' title='bbox 1245 3713 1277 3778; x_wconf 87' lang='lat' dir='ltr'>S.</span> 
     </span>
    </p>
   </div>
   <div class='ocr_carea' id='block_1_3' title="bbox 157 3903 364 3913">
    <p class='ocr_par' dir='ltr' id='par_1_3' title="bbox 157 3903 364 3913">
     <span class='ocr_line' id='line_1_35' title="bbox 157 3903 364 3913; baseline -0.01 0"><span class='ocrx_word' id='word_1_256' title='bbox 157 3903 364 3913; x_wconf 78' lang='lat'>-—--—--—-</span> 
     </span>
    </p>
   </div>
   <div class='ocr_carea' id='block_1_4' title="bbox 226 4036 1173 4112">
    <p class='ocr_par' dir='ltr' id='par_1_4' title="bbox 226 4036 1173 4112">
     <span class='ocr_line' id='line_1_36' title="bbox 226 4036 1173 4112; baseline 0 -19"><span class='ocrx_word' id='word_1_257' title='bbox 226 4038 252 4107; x_wconf 85' lang='lat'>1)</span> <span class='ocrx_word' id='word_1_258' title='bbox 270 4036 337 4094; x_wconf 81' lang='lat' dir='ltr'>Gell.</span> <span class='ocrx_word' id='word_1_259' title='bbox 355 4037 420 4106; x_wconf 84' lang='lat' dir='ltr'>VII,</span> <span class='ocrx_word' id='word_1_260' title='bbox 437 4039 459 4096; x_wconf 78' lang='lat'>7.</span> <span class='ocrx_word' id='word_1_261' title='bbox 478 4041 502 4096; x_wconf 83' lang='lat'>4.</span> <span class='ocrx_word' id='word_1_262' title='bbox 536 4039 607 4098; x_wconf 82' lang='lat' dir='ltr'>Fest.</span> <span class='ocrx_word' id='word_1_263' title='bbox 625 4037 684 4097; x_wconf 75' lang='lat'>241.</span> <span class='ocrx_word' id='word_1_264' title='bbox 703 4069 736 4081; x_wconf 84' lang='lat'><em>-</em></span> <span class='ocrx_word' id='word_1_265' title='bbox 753 4040 779 4108; x_wconf 83' lang='lat'>2)</span> <span class='ocrx_word' id='word_1_266' title='bbox 797 4039 830 4097; x_wconf 86' lang='lat' dir='ltr'>cf.</span> <span class='ocrx_word' id='word_1_267' title='bbox 848 4038 959 4098; x_wconf 84' lang='lat' dir='ltr'>Merckl.</span> <span class='ocrx_word' id='word_1_268' title='bbox 978 4038 1071 4112; x_wconf 76' lang='lat' dir='ltr'>coopt.</span> <span class='ocrx_word' id='word_1_269' title='bbox 1089 4055 1114 4112; x_wconf 90' lang='lat' dir='ltr'>p.</span> <span class='ocrx_word' id='word_1_270' title='bbox 1134 4039 1173 4096; x_wconf 75' lang='lat'>76.</span> 
     </span>
    </p>
   </div>
   <div class='ocr_carea' id='block_1_5' title="bbox 0 0 1448 4710">
    <p class='ocr_par' dir='ltr' id='par_1_5' title="bbox 0 0 1448 4710">
     <span class='ocr_line' id='line_1_37' title="bbox 0 0 1448 4710; baseline 0 0"><span class='ocrx_word' id='word_1_271' title='bbox 0 0 1448 4710; x_wconf 95' lang='lat' dir='ltr'> </span> 
     </span>
    </p>
   </div>
  </div>
 </body>
</html>
