2880 4710
631 191 796 286 ..3AE-

152 382 202 446 60.
231 379 285 446 ubi
307 377 392 444 idem
415 377 589 465 Dionysius
611 379 643 443 in
666 379 791 445 Numae
813 376 1057 463 inauguratione
1080 376 1150 443 sine
1173 376 1272 444 dubio

151 490 298 549 auctores
327 489 455 548 secutus
484 502 622 567 augures
650 502 777 565 quoqne
805 481 935 547 inducit
987 482 1100 564 ltaque
1129 481 1157 547 si
1193 480 1273 564 qnid

150 580 244 655 video
266 584 351 650 Livii
372 585 546 651 auotoritas
575 585 662 655 nullo
690 584 785 653 modo
814 583 1015 671 repudianda
1044 591 1101 650 est.
1146 584 1274 650 Deinde

152 689 242 756 addit
264 687 374 754 Livius
397 707 549 774 augurem
572 689 677 774 capite
698 689 803 754 velato
825 688 869 754 ad
890 689 1017 754 laevam
1047 688 1132 774 regis
1162 687 1272 755 sedem

153 791 289 877 cepisse.
342 791 443 858 Aliter
471 791 659 859 Plutarchus
687 792 718 857 ll.
750 791 847 857 tradit
883 811 989 876 regem
1025 793 1132 877 capite
1167 792 1273 858 velato

152 895 345 963 consedisse.
395 896 475 962 Inde
508 896 634 962 videtur
670 901 747 961 nata
784 913 855 960 esse
890 895 1031 979 Mezgeri
1064 895 1172 980 opinio
1181 897 1208 976 ¹)
1244 903 1276 960 et

152 1020 305 1086 augurem
328 1005 360 1065 et
380 999 637 1086 inaugurandum
659 999 818 1084 capitibus
840 997 939 1065 fuisse
960 997 1084 1064 velatis.
1127 998 1277 1081 Namque

152 1110 187 1169 ut
216 1104 316 1169 verba
345 1103 428 1168 Livii
458 1103 574 1188 ‚capite
609 1103 726 1169 velato‘
762 1100 806 1167 ad
842 1101 928 1186 regis
965 1108 1061 1186 caput
1096 1100 1278 1168 referantur

151 1213 282 1292 propter
294 1206 401 1270 Latini
424 1206 579 1271 sermonis
594 1225 684 1271 usum
700 1206 768 1271 fieri
783 1205 901 1288 nequit
939 1202 1152 1270 Nihilominus
1167 1210 1276 1272 tamen

151 1309 185 1373 in
208 1328 248 1374 ea
268 1329 302 1374 re
317 1308 443 1374 Livium
466 1328 590 1375 errasse
611 1317 698 1395 puto.
735 1308 862 1374 Etenim
883 1314 916 1372 ut
930 1328 1032 1393 augur
1046 1308 1153 1392 capite
1167 1308 1276 1375 velato

153 1412 249 1478 fuerit
271 1411 322 1477 vel
344 1419 514 1496 propterea
539 1412 659 1478 laetum
681 1431 753 1478 esse
774 1412 884 1493 nequit
906 1409 991 1494 quod
1012 1408 1046 1475 in
1068 1412 1187 1497 templo
1202 1430 1278 1477 eon—

152 1514 313 1580 stituendo
343 1515 384 1580 de
413 1536 475 1598 qno
506 1514 657 1601 deinceps
688 1514 850 1600 agendum
880 1515 939 1580 erit
965 1515 1142 1598 avibusque
1171 1514 1277 1581 obser-

153 1617 269 1684 vandis
292 1619 453 1685 oculorum
476 1638 567 1686 usum
583 1619 712 1684 minime
726 1617 913 1703 impeditum
928 1638 1077 1684 exercere
1092 1618 1230 1685 debebat
1241 1620 1278 1705 ²).

153 1723 268 1804 Itaque
297 1721 364 1787 fieri
392 1721 536 1807 potuisse
564 1728 598 1786 ut
627 1741 729 1806 augur
756 1721 861 1805 capite
890 1724 995 1788 velato
1028 1721 1154 1788 sederet
1190 1723 1279 1788 nullo

155 1825 250 1891 modo
272 1826 439 1911 probabile
461 1834 518 1892 est
556 1825 705 1908 Sequitur
727 1844 804 1909 ergo
827 1832 861 1890 ut
882 1832 938 1890 aut
959 1826 1043 1890 Livii
1064 1826 1163 1892 verba
1176 1831 1280 1892 trans-

153 1948 312 2014 ponamus
335 1936 390 1993 aut
411 1929 440 1994 si
461 1929 496 1993 id
517 1935 648 2014 propter
669 1927 816 1994 codicum
838 1929 1049 1995 constantiam
1077 1929 1181 1994 minus
1209 1930 1279 2014 pla-

155 2038 243 2116 ceat,
267 2031 394 2096 Livium
416 2032 549 2099 sontium
573 2052 701 2098 suorum
723 2031 822 2096 verba
844 2052 907 2097 non
930 2038 1016 2097 reete
1037 2033 1281 2118 interpretatum

154 2155 226 2201 esse
262 2133 518 2219 concedamus³).
548 2173 588 2181 -
620 2133 689 2198 Iam
724 2154 800 2199 vero
836 2154 936 2220 pergo
973 2134 1016 2200 ad
1052 2135 1196 2220 singulos
1231 2135 1280 2203 in-

153 2237 374 2321 augurationis
395 2237 474 2302 ritus
496 2256 673 2319 moresque.
710 2238 814 2320 Atque
835 2239 969 2324 primum
993 2238 1122 2322 quidem
1141 2238 1175 2303 id
1190 2240 1280 2322 quod

154 2363 176 2407 a
196 2341 289 2407 Livio
311 2361 376 2406 non
398 2339 505 2406 verbis
527 2339 654 2406 disertis
677 2348 943 2408 commemoratur
970 2341 1004 2406 in
1032 2342 1281 2427 inauguratione

153 2445 313 2510 sacrificia
349 2443 509 2527 quaedam
543 2444 712 2511 sollemnia
746 2443 846 2510 fuisse
876 2451 1012 2530 apparet
1048 2464 1088 2509 ex
1114 2445 1279 2512 Plutarchi

158 2548 341 2613 narratione
363 2549 418 2631 qui
432 2549 571 2614 Numam
593 2548 690 2614 etiam
712 2547 895 2614 sacerdotes
918 2548 1027 2614 nescio
1050 2567 1130 2631 quos
1154 2549 1279 2634 (ἱερεῖς)

155 2658 283 2736 praeter
304 2672 443 2736 augures
466 2650 652 2718 adhibuisse
674 2657 808 2717 testatur
823 2657 853 2717 et
869 2672 909 2717 ex
923 2651 1017 2716 Dion.
1034 2651 1132 2733 antiq.
1148 2651 1202 2733 IV,
1226 2654 1280 2717 80.

154 2755 307 2820 Fortasse
329 2755 426 2820 etiam
448 2753 573 2821 adhoc
602 2752 791 2820 sacrificium
820 2754 958 2839 pertinet
985 2753 1018 2819 id
1047 2753 1134 2836 quod
1162 2755 1282 2840 legitur

155 2857 243 2942 apud
263 2856 408 2923 Paullum
433 2858 472 2921 16
496 2879 521 2922 s.
543 2878 574 2921 v.
604 2856 715 2922 arcani
744 2848 909 2924 sermonis.
953 2858 1058 2940 Atque
1085 2864 1120 2922 ut
1148 2857 1280 2925 tandem

155 2960 199 3026 ad
220 2980 377 3045 augurum
400 2960 506 3026 officia
527 2960 654 3025 reniam
675 2959 810 3045 primum
842 2959 969 3043 quidem
999 2980 1102 3046 augur
1128 2970 1279 3047 precatur

155 3063 234 3130 deos
256 3062 297 3129 de
319 3084 385 3146 qua
405 3065 589 3148 precatione
612 3063 676 3127 iam
697 3082 796 3147 snpra
810 3062 1006 3148 disputatum
1021 3066 1115 3146 est4).
1150 3064 1280 3132 Deinde

155 3173 262 3233 autem
284 3166 432 3251 regiones
455 3167 496 3233 ab
519 3167 641 3233 oriente
663 3166 706 3232 ad
722 3185 871 3233 occasum
888 3166 1078 3232 determinat
1091 3167 1176 3250 qnod
1191 3175 1280 3235 recte

155 3270 257 3352 Narq.
278 3269 312 3334 ll.
336 3289 471 3354 eumque
500 3278 627 3336 secutus
648 3269 928 3336 Weissenborniu's
954 3269 997 3335 ad
1020 3270 1088 3336 Lis.
1117 3270 1158 3336 de
1187 3270 1282 3338 deeu-

156 3393 252 3438 mano
275 3372 309 3437 id
331 3381 380 3439 est
400 3374 487 3440 linea
508 3376 550 3440 ab
580 3373 700 3440 oriente
728 3371 772 3438 ad
799 3392 947 3438 occasum
976 3393 1087 3439 versus
1115 3373 1280 3460 descripta

154 3477 412 3563 interpretantur.
449 3478 562 3545 Utrum
585 3497 661 3542 sero
683 3477 716 3541 in
731 3476 898 3560 regionum
914 3476 1177 3544 determinatione
1192 3498 1278 3560 quae

154 3581 253 3646 fiebat
274 3581 352 3647 lituo
374 3581 479 3648 serbis
502 3580 709 3647 sollemnibus
731 3599 835 3666 augur
857 3600 932 3646 usus
955 3581 1082 3646 sitnon
1110 3581 1209 3664 bqnet
1238 3603 1278 3648 ae

90 3824 93 3829 ’
224 3840 251 3906 1)
266 3839 360 3908 murs
377 3854 433 3893 ene„
452 3840 487 3903 11,
506 3840 580 3892 nas.
594 3869 625 3877 -
637 3841 668 3905 a)
685 3842 717 3890 er.
731 3837 815 3891 soro
832 3837 865 3890 ue
882 3837 900 3890 1.
912 3837 941 3890 a
955 3837 1015 3893 vn.
1031 3838 1054 3890 a.
1082 3838 1152 3892 sess
1171 3839 1228 3891 aar.
1242 3870 1277 3878 -

155 3924 183 3991 3)
198 3923 325 3978 Fortasse
342 3925 414 3994 apud
430 3926 492 3979 illos
509 3933 580 3979 erat:
609 3924 644 3978 ad
661 3923 798 3977 meridiem
821 3938 914 3977 versus
937 3923 1058 3976 consedit
1080 3925 1166 3993 capite
1189 3925 1278 3980 uelato

155 4024 242 4076 augur
258 4007 293 4061 ad
309 4010 411 4065 herum
429 4012 487 4065 eius
504 4012 595 4066 sedem
612 4010 690 4078 cepit.
708 4038 742 4047 -
758 4009 785 4073 4)
801 4009 833 4062 ot.
851 4009 924 4062 Sere.
941 4013 1008 4063 Aen.
1021 4009 1072 4072 ll,
1090 4010 1147 4063 197.
