2880 4710
237 457 339 520 eaque
367 443 511 522 tempora
540 436 741 502 referendum
771 439 885 520 quibus
915 437 1055 504 nondum
1085 438 1201 504 Graeci
1230 446 1260 505 et
1282 441 1355 505 Itali

235 541 346 628 populi
368 540 507 626 separati
529 546 628 606 erant.
667 541 771 608 Unum
793 543 896 607 solum
912 541 1090 626 exemplum
1104 542 1247 626 proferre
1261 544 1356 609 liceat

235 665 297 729 quo
320 646 389 711 eius
411 663 488 710 usus
510 642 686 710 eommunis
708 643 798 729 origo
821 644 1061 711 demonstretur.
1106 645 1143 709 In
1166 646 1353 731 fragmentis

233 749 385 815 librorum
408 747 607 831 auguralium
631 745 671 812 de
694 747 808 828 quibus
831 747 983 834 deinceps
998 748 1177 814 accuratius
1194 749 1353 834 agendum

233 852 302 936 erit,
324 851 386 918 hoc
406 856 612 936 praeceptum
631 854 750 916 exstat:
774 850 863 935 ‚Ione
883 857 1014 918 tonante
1029 850 1210 935 fulgurante
1226 852 1354 918 comitia

233 955 344 1041 populi
366 955 485 1020 habere
507 952 614 1020 nefas‘
635 952 715 1039 (Cic.
732 952 772 1020 de
788 953 851 1019 div.
867 954 908 1038 II,
932 955 982 1053 lb.
997 953 1073 1040 42).
1111 955 1244 1019 Prorsus
1268 953 1352 1019 idem

232 1040 436 1145 praeceptum
458 1058 491 1122 in
514 1055 650 1122 comitiis
672 1055 869 1123 Graecorum
891 1058 1030 1123 valuisse
1060 1062 1195 1141 apparet
1225 1077 1264 1122 ex
1286 1057 1353 1120 Ari-

232 1161 400 1248 stophanis
428 1158 567 1225 tharn.
603 1179 632 1224 v.
665 1160 724 1224 155
757 1179 826 1242 sqq.
856 1159 962 1226 Miteh.
1000 1158 1041 1225 of.
1071 1159 1210 1224 Pollucis
1247 1180 1350 1225 onom.

231 1266 317 1349 VIII,
335 1266 405 1329 124.
422 1268 454 1330 et
468 1261 704 1328 Schbmannum
719 1263 863 1345 antiquit.
882 1264 952 1327 148.
987 1262 1082 1327 Dicat
1096 1269 1202 1328 autem
1218 1260 1353 1328 fortasse

232 1369 391 1453 quispiam
418 1366 484 1432 tale
512 1371 717 1450 praeceptum
747 1366 822 1432 inde
857 1387 877 1431 a
906 1365 1101 1432 Graecorum
1138 1366 1273 1433 comitiis
1310 1366 1351 1430 ad

231 1472 447 1536 Romanorum
467 1468 567 1534 libros
589 1470 761 1554 augurales
784 1469 951 1556 pervenire
972 1469 1115 1554 potuisse
1137 1471 1227 1535 verbi
1255 1489 1352 1534 cansa

231 1573 482 1640 decemvirorum
508 1572 720 1658 temporibus,
756 1573 870 1655 quibus
898 1571 1028 1655 quidem
1056 1573 1180 1638 tresviri
1208 1570 1351 1636 Athenas

230 1676 320 1742 missi
342 1674 484 1758 iussique
505 1675 569 1740 sint
587 1673 713 1740 inclitas
728 1676 817 1760 leges
832 1674 960 1742 Solonis
976 1674 1157 1741 describere
1172 1681 1203 1740 et
1217 1676 1351 1740 aliarum

230 1778 388 1846 Graeciae
417 1779 592 1845 civitatium
622 1778 768 1853 instituta
796 1797 901 1845 mores
937 1777 1069 1860 iuraque
1104 1798 1238 1844 noscere
1267 1779 1350 1863 (Liv.

230 1883 293 1966 111,
315 1881 392 1967 31.).
436 1882 584 1947 Attamen
607 1901 681 1947 vero
704 1880 874 1966 disciplina
897 1881 1060 1964 auguralis
1083 1881 1170 1966 apud
1191 1882 1351 1948 Romanos

229 1985 327 2051 multo
349 1984 501 2050 vetustior
522 2003 595 2050 esse
617 1971 695 2049 eta
722 1984 928 2069 scriptoribus
958 1982 1093 2049 traditur
1122 1990 1154 2050 et
1181 2006 1221 2051 ex
1249 1985 1349 2070 ipsius

229 2086 336 2154 indole
358 2093 455 2170 atque
476 2093 592 2153 natura
619 2087 773 2153 evincitur
800 2107 896 2170 quam
925 2092 960 2151 ut
989 2091 1055 2152 tam
1084 2107 1155 2153 sero
1185 2088 1218 2153 id
1248 2108 1349 2172 genus

228 2196 402 2276 praecepta
423 2210 444 2255 a
466 2189 600 2257 Graecis
622 2195 751 2276 sumpta
773 2210 844 2257 esse
866 2189 1042 2256 concedere
1063 2191 1232 2274 possimus.
1276 2192 1349 2256 Mea

229 2293 358 2377 quidem
379 2293 538 2360 sententia
558 2292 715 2359 eiusmodi
729 2300 935 2379 praeceptam
951 2292 997 2358 eis
1012 2283 1206 2377 temporibus
1221 2293 1349 2358 attribu-

229 2396 346 2462 endum
377 2402 426 2464 est
454 2396 586 2480 quibus,
623 2402 658 2462 ut
686 2396 833 2480 quamvis
861 2397 999 2462 barbare
1035 2401 1176 2461 attamen
1211 2397 1348 2462 breviter

227 2500 357 2585 loquar,
387 2499 611 2569 Graeco-Itali
633 2500 666 2566 in
689 2520 729 2566 ea
758 2499 971 2566 conciliabula
1000 2500 1171 2565 convenire
1201 2499 1348 2566 solebant

228 2622 362 2685 qnorum
383 2603 539 2670 rationem
561 2603 686 2670 etiamsi
709 2603 857 2670 extremis
878 2603 972 2670 lineis
995 2602 1188 2669 adumbrare
1214 2609 1346 2669 conatus

228 2713 277 2772 est
298 2707 514 2772 Mommsenus
535 2706 568 2771 in
590 2707 630 2772 H.
653 2708 707 2773 Rs
727 2706 789 2774 vol.
812 2708 828 2772 I
835 2757 844 2792 ‚
871 2727 946 2791 pag.
970 2708 1011 2772 26
1033 2706 1066 2771 in
1089 2705 1173 2771 hunc
1200 2706 1346 2771 modum:

227 2810 294 2893 ,die
310 2810 445 2876 Gesetze
463 2809 522 2875 des
536 2809 662 2896 Kb‘nigs
676 2811 788 2895 Italus,
810 2809 864 2875 die
883 2807 967 2875 noch
987 2809 1024 2898 in
1036 2808 1222 2876 Aristoteles
1237 2809 1346 2874 Zeiten

227 2911 439 2998 angewendet
457 2911 599 2996 eumden,
622 2920 739 2997 mb'gen
754 2912 843 2979 diese
858 2912 973 2978 beiden
988 2912 1149 2978 Nationes
1164 2913 1348 2978 wesentlieb

228 3015 467 3100 gemeinsamen
489 3015 714 3082 Institutionen
737 3015 941 3082 bezeichnen.
978 3013 1117 3081 Frieden
1139 3013 1204 3080 und
1220 3014 1349 3081 Rechts-

229 3118 316 3204 folge
338 3118 506 3185 innerbalb
529 3119 586 3185 der
607 3117 799 3204 Gemcinde,
821 3118 1035 3204 Kriegsstand
1056 3118 1122 3183 und
1143 3118 1350 3202 Kriegsreobt

228 3221 313 3287 nach
335 3241 462 3306 aussen,
486 3222 538 3288 ein
560 3221 729 3308 Regiment
751 3222 809 3289 des
829 3221 1097 3308 Stammhauptes,
1120 3222 1172 3289 ein
1186 3220 1270 3287 Rath
1292 3221 1349 3288 der

139 3354 144 3363 ·
226 3325 338 3410 Alton,
360 3325 647 3410 Versammlungen
669 3324 726 3391 der
748 3325 1001 3410 waffenf'ahigen
1025 3325 1140 3391 Freien
1162 3331 1292 3391 mttssen
1314 3326 1346 3389 in

227 3428 401 3495 desselben
431 3427 592 3495 enthalten
622 3447 772 3512 genesen
801 3429 891 3495 sein!
940 3427 1140 3512 Quamquam
1170 3428 1345 3494 notandum

226 3538 275 3597 est
296 3552 361 3598 non
383 3531 426 3597 ad
449 3532 600 3598 amussim
623 3533 785 3615 utriusque
803 3531 943 3600 nationis
958 3551 1050 3597 usum
1066 3531 1128 3597 sibi
1142 3533 1345 3618 respondere,

225 3634 398 3718 quinimmo
421 3634 581 3701 interdum
603 3635 698 3701 etiarn
719 3637 829 3722 palam
851 3635 912 3702 sibi
933 3634 1107 3702 adversari.
1143 3634 1290 3717 Namque
1312 3643 1346 3701 ut

226 3738 404 3823 exemplum
427 3738 570 3823 afferam,
591 3739 625 3803 in
647 3739 760 3805 aribus
782 3738 1024 3823 fulguribusque
1047 3738 1255 3804 observandis
1272 3760 1343 3804 cum

225 3839 342 3906 Graeci
364 3841 492 3907 derbes
514 3862 572 3927 pro
594 3841 789 3908 felicioribus
811 3848 907 3924 atque
929 3841 1136 3908 faustioribus
1159 3841 1343 3929 baberent¹)

224 3981 430 3990 m.—

293 4065 318 4134 t)
337 4064 385 4118 Od.
404 4081 427 4118 o.
446 4065 544 4133 v.160;
574 4082 614 4120 ov.
626 4066 685 4122 242.
720 4066 788 4122 Xen.
807 4067 866 4137 Oyr.
885 4067 925 4132 11,
946 4067 1007 4120 1.1.
