2880 4710
155 427 187 495 iu
211 425 375 507 fronteque
397 423 547 509 posuitl).
586 426 732 494 Ceterum
754 428 911 495 Tellurem
934 428 967 495 in
983 430 1133 515 auspiciis
1148 430 1278 516 nuptia-

154 551 224 597 rum
246 534 393 596 vocatam
415 547 487 595 esse
508 528 643 596 traditur
671 552 691 597 a
713 529 824 598 Servio
835 533 869 617 ἓ).
914 532 1040 598 Deinde
1068 541 1173 601 autem
1196 535 1277 604 Ver-

153 634 250 719 gilius
272 637 396 717 patrem
418 632 665 717 omnipotentem
687 636 831 702 nominat
852 641 884 701 et
906 634 1086 702 Saturniam
1106 638 1275 704 Iunonem.

153 739 262 804 lovem
291 734 420 819 quidem
450 734 579 802 deorum
609 736 833 822 hominumque
861 744 985 824 patrem
1020 740 1052 804 in
1086 741 1277 825 precatione

154 840 294 906 maxima
316 838 415 906 tuisse
437 860 500 906 non
522 859 691 925 perperam
712 841 953 926 suspicabimur.
998 843 1150 909 Iunonem
1171 844 1276 910 habes

152 945 185 1009 in
208 942 388 1028 fragmento
411 944 522 1027 primo.
567 943 716 1026 Sequitur
744 943 860 1011 deinde
881 946 1008 1012 Mavors
1037 947 1124 1011 ouius
1155 949 1277 1013 mentio

153 1046 188 1112 fit
210 1046 243 1111 in
265 1046 378 1132 fragm.
401 1045 456 1112 IV.
499 1046 582 1111 Tum
603 1052 699 1131 poeta
720 1047 825 1116 fontes
847 1047 1023 1131 fluviosque
1047 1057 1278 1117 commemorat

153 1170 233 1233 quos
263 1154 427 1217 enumerat
457 1148 567 1216 Cicero
597 1151 713 1236 partim
741 1151 775 1216 in
805 1151 919 1235 fragm.
946 1151 1017 1216 111².
1063 1149 1143 1218 Tum
1181 1153 1276 1218 indu-

153 1259 265 1319 cuntur
286 1273 316 1318 v.
341 1253 400 1317 181
423 1252 535 1319 Manes
559 1255 718 1337 (quaeque
741 1253 879 1345 aetheris
902 1255 958 1319 alti
979 1255 1092 1343 religio
1120 1255 1160 1321 cf.
1184 1256 1273 1322 Fest.

152 1376 210 1442 per
232 1354 340 1421 omnia
363 1353 505 1421 aetheria
527 1361 715 1440 terrenaque
738 1377 868 1424 manare
884 1356 1067 1444 creduntur)
1084 1378 1164 1441 quos
1179 1359 1274 1425 vides

152 1459 186 1523 in
207 1457 320 1543 fragm.
344 1458 385 1524 11.
430 1458 524 1537 Quod
546 1448 620 1526 vero
651 1460 809 1543 quaedam
838 1461 949 1526 mirum
978 1462 1011 1526 in
1041 1461 1170 1528 modum
1200 1482 1275 1528 eum

152 1561 329 1628 Homericis
352 1568 529 1647 congruunt
551 1564 698 1646 quamvis
720 1562 763 1628 ad
786 1584 939 1648 augurum
961 1565 1178 1649 precationem
1204 1585 1275 1651 per-

152 1664 253 1731 tinere
275 1664 477 1731 statuendum
499 1666 555 1749 sit,
586 1667 631 1732 ita
653 1666 877 1750 explicandum
907 1686 979 1734 esse
1009 1687 1123 1734 censeo
1153 1674 1187 1733 ut
1214 1689 1275 1735 eos

153 1767 243 1835 deos.
257 1768 311 1851 qui
340 1775 371 1835 et
397 1768 484 1855 apud
505 1770 676 1835 Homerum
707 1776 739 1835 et
768 1770 855 1856 apud
884 1790 1021 1857 augures
1051 1778 1277 1837 enumerentur

62 1858 64 1871 '
153 1871 199 1937 eis
222 1871 390 1957 adsignem
412 1873 607 1958 temporibus
629 1873 744 1955 quibus
761 1873 876 1940 Gracci
894 1882 924 1940 et
939 1874 1011 1939 Itali
1026 1873 1167 1939 nondum
1183 1884 1277 1940 erant

153 1975 304 2059 separati.
340 1975 486 2058 Denique
507 1995 547 2042 ne
562 1976 675 2040 Ianum
690 1982 812 2061 patrem
828 1977 971 2042 omittam
986 1998 1027 2045 ne
1043 1978 1131 2043 illum
1146 1977 1276 2061 quidem

154 2077 295 2144 defuisse
317 2077 350 2142 in
372 2077 556 2163 precatione
578 2078 725 2165 augurali
740 2098 926 2164 persuasum
942 2079 1089 2168 habeat).
1126 2080 1276 2164 Namque

152 2181 239 2261 quod
260 2180 524 2265 Ambrosohius‘)
547 2181 742 2248 Nascionem
765 2201 890 2265 quoque
919 2183 960 2248 ad
989 2203 1126 2272 augures
1155 2185 1275 2250 rettulit

151 2304 216 2350 non
239 2283 410 2351 adsentior.
454 2284 582 2351 Etenim
604 2282 767 2350 Ciceronis
796 2285 920 2365 locum)
950 2307 1042 2370 quem
1071 2287 1181 2353 laudat
1207 2308 1275 2353 non

151 2394 217 2454 tam
241 2387 284 2452 ad
306 2407 443 2476 augures
467 2409 561 2472 quam
585 2387 714 2455 omnino
737 2387 779 2452 ad
794 2389 956 2456 Romanos
977 2389 1121 2457 homines
1135 2391 1276 2476 pertinet

153 2511 256 2574 neque
268 2513 289 2558 a
300 2492 390 2559 Livio
398 2491 423 2580 6)
439 2513 577 2578 augures
593 2491 651 2558 sed
665 2491 772 2577 potius
789 2492 959 2558 decemviri
974 2512 1136 2561 sacrorum
1146 2493 1276 2561 Ardeae

150 2614 218 2660 rem
249 2594 391 2662 divinam
418 2596 534 2665 fecisse
563 2594 776 2683 perhibentur.
800 2655 801 2658 ,
828 2594 894 2662 Sed
922 2603 956 2662 ut
985 2598 1027 2662 ad
1053 2597 1273 2683 precationem

155 2698 329 2764 maximam
350 2699 479 2766 redeam
502 2721 542 2767 ea
563 2698 640 2764 mihi
662 2699 790 2782 quidem
813 2698 856 2764 ad
878 2699 1046 2786 augurium
1062 2699 1181 2767 Salutis
1203 2722 1274 2787 per-

151 2801 251 2867 tinere
280 2800 405 2868 videtur
434 2803 520 2885 quod
549 2803 680 2869 Cassius
709 2803 769 2868 Dio
799 2802 901 2868 fusius
931 2802 1082 2869 describit
1091 2806 1127 2888 ⁷).
1172 2805 1275 2872 Movit

151 2911 257 2970 autem
279 2925 330 2971 me
352 2925 447 2987 quam
470 2906 608 2972 maxime
630 2913 664 2971 ut
686 2904 748 2970 huc
770 2904 920 2971 referrem
941 2907 1158 2991 precationem
1173 2912 1273 2975 maxi-

152 3028 237 3073 mam
260 3008 346 3090 quod
369 3008 499 3076 Servius
522 3008 655 3075 adiecit:
693 2989 906 3094 ‚eventusque
928 3011 973 3076 rei
1000 3012 1104 3078 bonae
1129 3012 1273 3098 poscitur

152 3118 187 3177 ut
214 3111 247 3177 in
277 3111 390 3178 melius
418 3113 546 3179 iuvent!
595 3113 687 3179 Hunc
714 3113 797 3178 enirn
827 3119 973 3180 eventum
1001 3102 1133 3200 poscere
1167 3122 1273 3182 utrum

150 3214 261 3281 liceret
282 3236 382 3283 neone
404 3216 437 3298 in
452 3215 586 3302 augurio
602 3215 720 3282 Salutis
736 3216 814 3282 deos
830 3217 1081 3304 consulebant‘1).
1119 3219 1171 3284 Ad
1185 3219 1272 3286 idem

152 3318 319 3403 augurium
342 3318 462 3387 Salutis
485 3326 629 3406 spectare
651 3339 838 3406 persuasum
868 3320 971 3387 habeo
1003 3321 1089 3404 quod
1110 3321 1198 3389 Serv.
1227 3325 1272 3390 ad
1317 3337 1320 3342 ·

150 3422 229 3487 Aen.
252 3422 310 3506 III,
335 3423 405 3488 265.
430 3425 537 3491 affert:
575 3423 619 3509 ‚di
641 3423 805 3509 prohibete
828 3424 946 3508 minas]
968 3423 1029 3490 hoo
1050 3446 1108 3511 per
1129 3427 1272 3512 speciem

152 3526 338 3611 auguralem
362 3546 444 3609 quae
466 3527 626 3595 invocatio
649 3527 828 3614 appellatur
850 3527 992 3594 nonnulli
1015 3528 1132 3596 dictum
1147 3535 1271 3615 putant.

152 3629 315 3695 invocatio
338 3635 443 3697 autem
467 3638 516 3698 est
536 3632 678 3716 precatio
706 3631 751 3697 uti
781 3637 965 3698 avertantur
992 3633 1079 3698 mala
1108 3633 1196 3699 ouius
1225 3636 1273 3701 rei

151 3753 356 3761 ——---..—.

220 3802 245 3868 1)
262 3799 388 3856 Fortasse
405 3802 484 3857 etiam
501 3801 588 3871 ipsum
611 3809 714 3873 patrem
732 3804 825 3858 Ianum
850 3803 1006 3871 significavit
1030 3806 1061 3859 ol.
1079 3805 1195 3860 Macrob.
1215 3806 1270 3861 Sat.

28 3970 30 3975 ,
150 3884 171 3947 Ι,
185 3884 225 3937 17.
244 3915 277 3924 -
294 3887 321 3954 2)
338 3887 383 3942 Ad
398 3887 466 3942 Aen.
479 3887 524 3953 IV,
538 3888 593 3942 166.
607 3919 640 3928 -
652 3890 677 3957 3)
695 3889 768 3944 Paul.
787 3889 828 3941 52.
844 3889 876 3942 cf.
894 3889 953 3945 adn.
967 3893 990 3944 1.
1004 3921 1036 3929 -
1049 3891 1075 3960 4)
1085 3892 1157 3946 Stud.
1171 3909 1197 3946 u.
1209 3893 1267 3946 An·

152 3971 239 4038 deutg.
258 3988 282 4040 p.
297 3972 354 4026 186.
372 3973 432 4028 adn.
447 3974 503 4028 136.
523 4005 555 4015 -
573 3975 599 4044 5)
622 3975 654 4030 de
672 3981 724 4030 nat.
744 3975 815 4030 deor.
833 3975 881 4041 111,
900 3976 939 4030 18.
952 3975 993 4029 47.
1007 4008 1038 4016 -
1052 3977 1078 4048 6)
1096 3978 1183 4047 XXII,
1196 3980 1220 4035 1.
1233 4007 1268 4019 —-

150 4055 176 4124 7)
194 4055 300 4114 Cassius
318 4058 371 4112 Dio
388 4059 428 4143 37.
447 4059 486 4114 24.
560 4055 562 4059 ’
