2880 4710
689 244 732 308 30

629 333 695 340 -α-
705 334 792 340 ..ω-.-

151 429 288 497 formula
312 428 457 497 sollemni
478 429 609 518 tiebat¹)
631 432 876 518 inauguratione
897 431 1036 516 priorem
1058 429 1157 497 luisse
1182 429 1273 495 nullo

149 535 330 600 testimonio
352 534 470 600 nititur.
514 536 616 602 Immo
638 556 710 602 cum
731 536 779 601 vis
802 535 895 601 husius
917 534 1072 601 formulae
1101 553 1141 599 ea
1168 532 1209 599 sit
1240 536 1276 596 nt

152 637 242 723 uirgo
265 637 403 704 Vestalis
425 639 661 726 mancipatione
683 638 821 723 quadam
844 659 882 705 ex
904 640 1004 726 patris
1035 641 1192 723 potestate
1223 655 1276 701 ex·

152 748 205 808 eat
226 740 259 806 in
282 739 427 824 deaeque
448 749 638 828 potestatem
654 745 826 826 transeat²l
841 762 946 828 paene
960 762 1018 827 per
1032 761 1067 807 se
1082 739 1278 822 intellegitur

150 845 211 911 boc
240 844 308 911 fieri
336 866 401 911 non
430 846 573 932 potuisse
602 847 664 914 nisi
694 846 754 914 deo
784 847 852 912 sive
882 845 944 911 dea
973 852 1047 912 ante
1075 843 1280 929 adprobante

153 955 249 1032 atque
272 949 499 1015 consentiente.
543 951 591 1016 Ao
613 969 654 1015 ne
674 950 863 1017 Mommseni
885 949 1043 1015 sententia
1064 968 1128 1031 qua
1158 944 1281 1031 captio-

151 1072 224 1119 nem
247 1060 279 1118 et
304 1052 583 1138 inaugurationem
611 1052 697 1120 idem
727 1073 798 1120 esse
826 1052 936 1120 statuit
965 1072 1043 1118 vera
1071 1070 1142 1116 esse
1171 1054 1280 1135 potest

151 1177 224 1222 cum
262 1177 282 1221 a
312 1155 381 1221 Liv.
412 1156 553 1243 XXVII,
585 1158 614 1222 8.
642 1158 673 1222 4.
711 1156 913 1242 inauguratio
951 1176 972 1221 a
1005 1154 1153 1240 captione
1188 1151 1280 1237 apud

151 1258 297 1325 flamines
328 1258 457 1341 quidem
487 1261 593 1327 verbis
620 1260 727 1347 planis
758 1267 931 1347 separetur.
955 1258 1107 1323 —Haec
1138 1255 1279 1322 formula

42 1386 44 1392 ’
152 1360 324 1428 adserendi
346 1361 423 1427 mihi
445 1383 576 1449 prorsus
599 1384 639 1430 ex
661 1363 774 1430 eodem
795 1363 920 1429 videtur
942 1382 1013 1429 esse
1035 1381 1153 1447 genere
1181 1364 1280 1442 atque

152 1466 237 1551 regis
260 1463 448 1531 declarandi
471 1466 609 1534 formula
631 1487 731 1550 quam,
751 1467 819 1533 Liv.
836 1467 861 1551 Ι,
884 1469 932 1531 18.
956 1464 1124 1551 signifieat.
1148 1503 1188 1509 -
1212 1460 1280 1529 Sed

154 1575 296 1635 revertor
318 1567 361 1633 ad
376 1569 590 1656 fragmentum
604 1570 803 1657 propositum
819 1569 904 1653 quod
919 1568 997 1635 mihi
1012 1567 1138 1651 quidem
1153 1567 1281 1632 videtur

155 1670 198 1737 ad
219 1671 435 1758 inaugurandi
458 1695 587 1742 carmen
609 1671 812 1740 referendum
835 1692 916 1747 esse.
958 1671 1050 1751 Quod
1073 1668 1282 1742 autemdicit

153 1774 196 1859 ,si
219 1774 296 1851 mihi
319 1781 429 1842 auctor
451 1797 486 1845 es
508 1778 613 1845 uerbi‘
636 1778 678 1844 ad
700 1796 771 1842 enm
793 1775 889 1842 deum
911 1777 979 1842 sive
1009 1774 1051 1841 ad
1082 1795 1152 1840 eam
1182 1771 1281 1838 deam

153 1879 256 1946 refero
294 1878 344 1945 cui
381 1880 415 1945 in
452 1881 574 1948 Vestali
610 1881 733 1967 virgine
774 1878 999 1964 inauguranda
1042 1876 1280 1964 supplicabant.

154 1982 302 2064 Namque
332 1982 428 2049 etiam
458 1984 545 2071 apud
574 1984 736 2068 Liviumt)
767 1982 821 2048 dei
851 1984 892 2048 ab
928 1982 1103 2066 auguribus
1139 1979 1281 2045 invocati

155 2093 301 2153 auctores
332 2106 403 2152 esse
431 2086 667 2172 praedicantur.
696 2127 736 2135 -
764 2087 937 2169 Postquam
967 2086 1049 2151 haec
1077 2083 1118 2149 de
1147 2083 1282 2168 inaugu-

158 2189 282 2255 ratione
305 2191 509 2275 exposuimus
531 2196 631 2256 restat
652 2197 686 2256 ut
707 2210 813 2276 pauca
834 2189 875 2255 de
895 2188 1145 2274 exauguratione
1160 2185 1283 2252 adicia-

155 2312 235 2357 mus.
291 2294 327 2358 In
364 2292 506 2360 locorum
543 2293 847 2379 exaugurationibus
885 2311 995 2358 omnes
1033 2291 1282 2374 consentiuntt).

155 2395 328 2461 Hominum
359 2401 465 2463 autem
495 2398 762 2484 exaugurationes
798 2396 826 2463 si
861 2402 945 2461 reete
981 2390 1099 2460 iudico
1116 2392 1283 2479 Rubino⁵)

156 2498 281 2564 videtur
303 2521 367 2567 non
390 2499 570 2568 admisisse.
614 2504 711 2591 Recte
738 2521 813 2567 vero
841 2499 950 2565 statuit
970 2500 1105 2582 Marqr)
1133 2497 1283 2562 flamines

156 2603 297 2687 virgines
333 2604 480 2671 Vestales
517 2603 687 2687 Saliosque
724 2604 821 2670 etiam
858 2602 1049 2687 exaugurari
1093 2600 1282 2687 potuissell.

157 2707 231 2773 Non
253 2707 356 2773 minus
379 2715 484 2774 autem
507 2727 603 2791 quam
625 2707 879 2793 inaugurationis
902 2706 998 2772 etiam
1020 2703 1283 2789 exaugurationis

158 2830 286 2876 carmen
308 2811 463 2877 sollemne
484 2810 609 2878 videtur
631 2811 776 2896 fuissess).
793 2849 833 2857 —
850 2808 957 2875 Tertio
981 2809 1032 2875 die
1054 2813 1128 2875 ante
1150 2808 1285 2891 inaugu-

160 2912 280 2979 randus
303 2912 420 2980 adesse
443 2913 611 2981 iubebatur
633 2935 717 2998 quae
745 2914 870 3000 species
899 2912 1063 2999 auguralis
1092 2910 1284 2999 ‚ycondictio‘

158 3017 382 3103 appellabatur
404 3023 483 3083 teste
506 3016 617 3083 Servio
639 3017 682 3083 ad
704 3019 783 3084 Aen.
805 3017 854 3082 ΙΙΙ
861 3067 869 3101 ,
895 3019 964 3082 117.
995 3015 1035 3084 cf.
1057 3014 1146 3081 Paul.
1174 3034 1205 3099 p.
1231 3015 1283 3079 66.

243 3120 372 3206 Fragm.
393 3120 453 3186 XV
468 3153 508 3174 =
524 3121 626 3188 Varro
649 3120 689 3187 de
712 3122 748 3189 L.
773 3121 808 3186 L.
825 3121 895 3206 vll,
918 3121 954 3185 8:
992 3120 1026 3184 in
1048 3118 1140 3202 terris
1164 3118 1285 3184 dictum

159 3225 310 3311 templum
333 3225 421 3291 locus
438 3224 564 3309 augurii
580 3229 635 3291 aut
649 3224 785 3310 auspicii
802 3244 899 3292 eausa
916 3222 1104 3306 quibusdam
1119 3219 1286 3304 conceptis

158 3329 264 3395 verbis
295 3327 411 3394 finitus.
464 3327 647 3413 Concipitur
675 3328 781 3395 verbis
811 3349 876 3394 non
906 3327 1007 3393 isdem
1045 3342 1286 3408 usquequaque.

160 3432 198 3497 In
213 3432 295 3498 Arce
319 3431 381 3497 sic:
405 3435 539 3513 ‚templa
560 3440 713 3514 teseaqne
734 3450 788 3499 me
809 3434 856 3498 ita
878 3436 978 3498 sunto
999 3432 1104 3513 quoad
1119 3446 1179 3511 ego
1193 3433 1286 3495 caste

160 3538 273 3618 lingna
296 3553 538 3616 nuncupavere.
583 3539 655 3603 tllla
684 3542 773 3605 veter
802 3539 896 3602 arbos
926 3536 1076 3618 qnirqnir
1104 3539 1153 3600 est
1183 3549 1286 3614 quarn
1337 3604 1341 3611 ,

234 3726 259 3791 1)
277 3725 311 3778 ib.
330 3754 363 3763 —
381 3724 408 3793 2)
425 3724 456 3778 ef.
469 3724 596 3794 Bdeking.
609 3724 692 3779 Paud.
705 3722 796 3787 1217.
814 3752 848 3762 -
865 3725 891 3792 3)
902 3723 961 3788 Vll,
973 3723 1014 3777 32.
1032 3721 1078 3787 IX,
1091 3717 1131 3775 14.
1149 3717 1183 3782 Χ,
1195 3717 1238 3770 40.
1251 3747 1286 3758 -

162 3811 188 3879 4)
205 3809 263 3866 Liu.
281 3811 308 3876 Ι,
326 3810 368 3864 55.
387 3809 418 3864 ct.
436 3811 507 3865 Fest.
527 3810 605 3865 16212.
629 3840 662 3849 —
685 3810 712 3880 5)
728 3809 760 3864 R.
778 3809 804 3862 ll.
823 3809 864 3863 71.
886 3839 920 3849 —
945 3809 970 3878 6)
990 3809 1022 3863 Β.
1040 3808 1076 3862 M.
1100 3807 1146 3868 IV,
1168 3805 1225 3860 352.
1251 3834 1286 3845 -

163 3897 187 3964 7)
204 3895 271 3950 Inde
288 3903 400 3965 apparet
417 3911 464 3951 cur
483 3896 535 3951 Cic.
554 3897 587 3952 de
605 3896 654 3966 leg.
672 3897 713 3962 Π,
730 3897 755 3950 8.
773 3896 814 3948 20.
849 3895 956 3952 Dixerit
972 3894 1183 3961 ‚sacerdotesque
1200 3907 1287 3961 augn-

163 3988 257 4036 ranto‘.
287 3982 429 4051 Spectabat
446 3982 560 4039 tortasse
578 3989 605 4039 et
622 3983 655 4039 ad
673 3982 902 4050 inaugurationem
915 3988 942 4037 et
953 3981 988 4036 ad
999 3979 1239 4049 exaugurationem.
1254 4009 1288 4023 -·

162 4069 190 4135 8)
209 4069 272 4137 Cap.
293 4070 356 4123 Aur.
375 4085 395 4123 c.
413 4069 459 4124 IV.
